2097 3726
428 212 501 269 44
516 211 547 266 8
841 199 1140 259 Historia
1185 200 1448 276 Imperii

338 383 546 445 tudine
579 392 641 439 et
680 376 904 460 opibus
940 372 1137 437 floret.
1186 375 1345 435 Nam
1383 376 1540 434 sicut
1574 371 1726 433 olim
1761 371 2022 433 Germa-

333 476 395 531 ni
442 489 707 552 corpore
758 463 1010 547 quidem
1067 463 1512 536 robustissimi,
1560 464 1768 521 animo
1816 476 2025 521 tamen

332 558 512 618 rudes
554 571 616 616 et
643 553 723 614 ad
757 567 919 612 artes
950 555 1152 612 minus
1186 555 1313 635 apti
1349 551 1638 629 fuerunt3
1685 553 1768 610 ita
1803 551 1881 609 ab
1920 552 2027 607 Itz-

334 648 573 724 teregni
632 646 860 719 Migni
915 652 1197 723 tempore
1251 663 1447 723 usque
1507 637 1584 697 ad
1635 652 2025 722 praesentem

331 748 590 796 aetatem
631 734 830 792 omnis
883 733 1128 812 generis
1182 727 1429 812 opificia
1481 727 1750 787 studiose
1794 741 1854 786 et
1896 749 2026 784 ma-

330 828 495 883 xima
531 820 800 880 nominis
841 819 1202 879 celebritate
1235 819 1533 876 continuo
1574 829 2024 891 exercuerunt,

331 916 378 974 si
435 909 535 971 vel
590 909 858 966 maxime
904 904 1507 965 consideraverimus
1561 904 1718 965 aeris
1769 902 2023 962 fudendi

330 996 719 1078 cudendique
760 996 1049 1077 peritiam
1069 1041 1088 1068 ,
1137 1014 1251 1054 nec
1290 1015 1415 1051 non
1452 993 1850 1054 metallorum
1889 1005 2022 1050 tra-

332 1085 700 1149 ctandorum
748 1085 1102 1157 scientiam,
1172 1093 1233 1141 et
1279 1081 1425 1141 alias
1459 1096 1529 1141 ut
1573 1095 1808 1142 taceam
1843 1094 2020 1141 arteS.

330 1175 661 1238 Germania
715 1174 883 1232 enim
931 1173 1208 1255 primum
1251 1167 1566 1229 Machinas
1604 1185 1665 1232 et
1708 1184 2024 1230 tormenta

332 1265 606 1324 invenit:
672 1260 774 1319 illa
808 1255 1313 1342 Typographiam
1349 1279 1468 1340 pro
1509 1262 1785 1318 maximo
1825 1259 2025 1317 scien-

330 1354 557 1414 tiarum
594 1349 1015 1409 emolumento
1039 1393 1054 1421 ,
1118 1346 1278 1405 Orbi
1314 1360 1463 1404 noto
1509 1342 1706 1405 dedit:
1772 1344 1874 1404 illa
1909 1342 2022 1405 ho*

327 1442 710 1521 rologiorum
758 1433 1214 1496 confectionem
1267 1435 1471 1516 primo
1535 1433 2017 1494 demonstravit:

327 1529 521 1592 verbo
563 1527 662 1585 illa
706 1528 991 1586 omnium
1045 1522 1276 1581 artium
1318 1522 1551 1603 asylum
1601 1526 1795 1583 evasit
1833 1516 2017 1583 adeoz

327 1636 393 1681 ut
439 1616 670 1676 nullam
715 1613 1155 1697 elegantiorem
1208 1611 1543 1672 Scicntiam
1580 1626 1642 1672 et
1677 1626 1876 1671 artem
1911 1609 2019 1670 ad-

330 1708 601 1780 miserit,
682 1724 872 1787 quam
924 1725 1049 1762 non
1114 1714 1573 1775 exornaverat,
1641 1712 1902 1760 auxerat
1955 1712 2019 1760 et

329 1796 703 1882 perfecerat,
753 1793 1021 1876 plurima
1060 1811 1213 1849 vero
1246 1791 1373 1872 ipsa
1407 1791 1746 1849 invenerat.
1812 1790 2016 1871 Larga

331 1890 474 1947 item
516 1905 702 1941 manu
757 1884 978 1940 vicinis
1027 1879 1286 1960 aliisque
1323 1875 1766 1937 remotioribus
1817 1878 2019 1958 genti-

329 1976 444 2035 bus
492 1972 917 2032 subministrat
975 1970 1118 2028 vina
1179 1967 1642 2049 generosissima
1662 1990 1677 2040 3
1756 1965 2015 2038 aurulis,

328 2075 683 2145 argentum,
742 2077 1048 2142 cuprum,
1096 2069 1421 2128 stannum,
1485 2053 1856 2136 plumbum,
1918 2076 2018 2112 ar—

330 2163 580 2235 gentum
611 2151 828 2206 vivum
851 2191 866 2219 ,
913 2143 1234 2205 vitriolurn
1258 2188 1273 2216 ,
1313 2142 1591 2214 alumen,
1639 2141 1878 2202 colores
1910 2164 2018 2203 ex-

330 2241 582 2325 quisitos
624 2240 956 2319 pictorum,
1003 2228 1294 2305 lamellaS,
1332 2230 1731 2304 frumentum,
1784 2232 2021 2290 omnia-

332 2348 456 2412 que
495 2325 736 2384 fabrilia
777 2347 855 2384 ex
881 2342 1079 2406 cupro
1123 2333 1184 2381 et
1218 2315 1419 2394 ferrO,
1467 2322 1794 2402 omnisque
1835 2339 2018 2400 gene-

332 2437 416 2478 ris
452 2435 697 2474 merces,

504 2504 548 2581 ᾗ.
600 2508 651 2562 2.
701 2505 924 2560 Status
959 2500 1302 2577 Religionis
1341 2507 1401 2553 et
1444 2495 1910 2553 Consuetuditzis
1950 2497 2015 2550 in

338 2594 668 2653 Germania
693 2635 708 2663 ,
755 2591 832 2647 ab
866 2592 1235 2665 Itzterregno
1269 2587 1549 2663 Magno,
1598 2589 1689 2642 acl
1732 2594 2014 2640 nostram

329 2692 609 2742 aetatem.
678 2672 859 2750 Quod
917 2677 1158 2735 Statum
1208 2669 1696 2732 Ecclesiasticum
1756 2671 2017 2730 Germa-

332 2774 467 2829 niae
500 2769 749 2840 attinet,
796 2785 908 2848 per
948 2779 1150 2824 totum
1188 2762 1532 2844 Imperium
1575 2760 2013 2821 Germanicum

333 2859 468 2918 VII.
518 2852 709 2913 Archi
769 2855 1168 2937 Episcopatus
1220 2862 1663 2920 numerantur,
1732 2850 1823 2905 uti
1866 2850 2012 2904 Mo·—

323 2947 619 3020 guntinus
644 2987 658 3016 ,
754 2943 1124 3000 Coloniensi-s
1148 2983 1163 3012 ,
1249 2939 1666 3006 TrevirensiS,
1746 2937 2014 3012 Magdea-

333 3033 642 3111 burgensis
719 3031 953 3091 Primas
1041 3027 1410 3089 Germaniae
1485 3025 2008 3101 SalisbargetzsiS,

1759 3114 1822 3170 B
1827 3136 1926 3170 re-
