2097 3726
525 198 804 254 Romano
860 197 1231 254 Germanici.
1300 262 1307 263 ἶ
1524 194 1644 258 555

39 373 245 434 dentia
296 393 417 431 non
466 369 651 432 modo
688 370 997 446 servavit;
1043 368 1149 430 sed
1179 372 1432 453 insuper
1464 371 1536 430 iis
1577 368 1740 432 cele-

36 463 330 523 britatem
360 506 374 535 ,
437 461 823 521 commerciis
879 458 1128 533 florem,
1197 458 1454 518 Politiae
1505 473 1566 518 et
1613 462 1734 519 Di-

33 552 306 611 casteriis
365 550 683 624 ordinem3
752 545 1014 606 subditis
1066 562 1281 607 contra
1315 545 1564 607 hostiles
1620 552 1738 610 im-

33 653 210 721 petus
249 638 800 720 tranquillitatem,
850 638 962 694 toti
996 634 1272 719 denique
1313 636 1585 718 Imperio
1621 627 1761 719 pu?

31 727 257 787 blicam
296 724 649 787 felicitatem
687 722 971 784 reddidit.
1050 726 1351 784 Exortam
1393 724 1574 782 initio
1617 740 1738 783 sta-

33 818 148 874 tim
195 817 512 896 regiminis
569 812 877 874 nefariam
933 810 1433 895 conjurationem
1495 812 1738 871 Marti-

33 906 450 962 novitsiatzam
485 900 743 973 dictam,
782 900 1262 984 prudentissimo
1303 899 1561 961 consilio
1613 899 1740 962 dis-

32 992 274 1073 sipavit.
342 992 638 1052 Ceterum
686 991 1167 1050 funestissimum
1222 988 1500 1064 bellum,
1565 989 1738 1071 quod

29 1079 195 1140 Galli
235 1100 312 1139 ex
353 1093 666 1141 conventu
704 1077 1016 1138 Nationali
1061 1079 1244 1140 1792.
1285 1078 1454 1137 Patri
1495 1076 1738 1137 denun-

30 1170 348 1228 ciaverant
399 1189 472 1229 eo
526 1169 802 1253 specioso
865 1167 1086 1241 titulo,
1162 1165 1335 1248 quod
1397 1168 1462 1226 in
1520 1167 1737 1250 Belgio

29 1255 250 1317 multas
310 1259 520 1339 copias
583 1254 876 1330 haberet,
946 1257 1123 1317 varia
1174 1254 1424 1315 fortuna
1485 1278 1738 1316 omnem

28 1345 175 1406 belli
234 1344 462 1405 molem
515 1366 733 1427 gerere
787 1341 1022 1405 debuit.
1110 1341 1213 1405 Ad.
1272 1342 1444 1427 quod
1496 1343 1738 1406 felicius

29 1432 371 1517 gerendum
408 1455 557 1494 mox
598 1435 951 1517 Imperator
995 1454 1139 1492 cum
1180 1434 1354 1514 Rege
1414 1434 1739 1494 Borussiae

26 1519 242 1584 foedus
290 1525 688 1582 Pilltzitzense
729 1523 1090 1583 renovavit:
1138 1522 1242 1584 cui
1280 1519 1519 1582 foederi
1560 1544 1744 1606 prae-

29 1625 127 1672 ter
166 1610 499 1672 nonnullos
541 1613 915 1672 Germaniae
956 1611 1310 1693 PrincipeS,
1372 1612 1559 1670 etiam
1606 1609 1742 1669 An·-

27 1699 145 1781 gli,
228 1700 410 1759 Russi
439 1744 455 1774 ,
539 1700 845 1782 Hispani,
935 1697 1262 1773 Hollandi‚
1348 1699 1691 1781 Portugalli
1718 1745 1743 1771 ,.

27 1787 461 1870 Neapolitani,
529 1787 822 1862 Sardini,
890 1801 952 1848 et
1003 1787 1347 1848 Florentini
1401 1801 1596 1847 semet
1631 1787 1743 1846 ad-

28 1873 416 1959 junxerunt,
497 1878 915 1959 maximisque
978 1877 1196 1936 animis
1261 1878 1327 1935 in
1384 1875 1598 1958 Belgio
1660 1875 1740 1935 ad

29 1961 324 2024 Rhenum
358 1967 861 2026 cruentissimum
903 1962 1094 2025 hocce
1134 1964 1369 2025 bellum
1419 1967 1742 2048 inceptum

31 2064 136 2119 est,
196 2055 441 2115 Verum
479 2052 726 2114 favente
758 2056 939 2114 initio
977 2055 1187 2114 statim
1222 2052 1414 2112 Gallis
1450 2053 1737 2128 fortuna,

29 2143 329 2225 quoniam
376 2143 626 2203 Borussi
674 2164 752 2203 ex
800 2156 946 2203 nota
987 2141 1106 2202 sibi
1158 2163 1336 2202 causa
1384 2151 1587 2203 'semet
1639 2167 1742 2204 re-

33 2228 335 2291 trahendo
368 2230 645 2291 inducias
683 2231 1002 2308 fecissent3
1048 2253 1198 2291 mox
1243 2230 1556 2291 Austriaci
1600 2232 1743 2316 Spi-

31 2341 199 2393 ram‚
286 2321 712 2391 Vormatiam,
791 2318 1278 2379 Francofurtum
1339 2341 1483 2378 cum
1538 2320 1738 2404 Belgii

32 2421 211 2492 parte
256 2406 446 2467 Gallis
482 2408 704 2470 cedere
753 2406 1082 2468 debebant.
1132 2410 1380 2469 Interea
1416 2422 1626 2469 autem
1675 2412 1740 2468 in

33 2495 233 2555 Gallia
285 2493 595 2557 inauditus
636 2496 737 2556 ille
784 2496 1084 2558 tumultus
1123 2497 1186 2555 in
1229 2499 1575 2581 perniciem
1614 2499 1741 2558 Re-

34 2587 171 2668 giae
205 2582 470 2645 familiae
520 2587 921 2645 Barbonicae
965 2586 1310 2645 concitatus
1352 2584 1505 2646 adeo
1543 2599 1747 2645 matu«-

34 2675 206 2746 ruit,
250 2687 322 2732 ut
356 2675 496 2734 Rex
540 2678 896 2735 Ladovicas
934 2676 1123 2733 XVI.
1166 2675 1229 2733 in
1268 2675 1561 2736 Carceres
1592 2696 1745 2734 con-

31 2759 366 2845 jiccretur3
400 2762 566 2825 unde
604 2777 814 2826 tamen
848 2775 982 2825 arte
1021 2754 1441 2846 quorumdam
1473 2784 1735 2823 suorum

31 2847 311 2911 fidelium
349 2850 684 2913 eliberatus
710 2898 726 2928 ‚
787 2850 943 2911 dum
982 2854 1177 2911 vitam
1231 2851 1472 2922 salvare
1516 2851 1739 2927 vellet,

37 2940 351 2999 Varennis
394 2963 428 3000 a
465 2942 685 3003 Postae
729 2942 1030 3023 Magistro
1081 2941 1362 3023 agnitus,
1428 2961 1499 3001 ac
1546 2941 1742 3001 Lute-

30 3027 190 3089 ciam
229 3027 559 3107 reductuS,
642 3052 770 3092 non
813 3028 1002 3092 modo
1039 3027 1397 3090 carceribus
1453 3031 1518 3087 in
1568 3031 1746 3087 Tem-

1560 3122 1673 3194 pel
