2097 3726
389 134 511 194 504-
842 130 1142 188 Historia
1184 129 1448 206 Imperii

294 331 367 369 ro
410 309 652 364 Irenem
687 305 949 364 nimium
984 308 1378 390 imperiosam
1414 305 1494 365 ab
1520 306 1784 389 imperio
1812 328 1984 367 amo-

293 400 385 454 vit
411 441 425 469 ⁷
472 394 636 454 unde
681 396 871 453 variis
911 397 1116 454 turbis
1143 400 1393 469 exortis,
1442 399 1827 455 occasionem
1864 395 1982 455 de-

293 485 416 557 dit,
482 506 682 566 eoque
723 505 855 541 rem
903 505 1296 542 communem
1341 482 1637 568 perduxit
1686 505 1790 542 sua
1829 483 1986 544 levi-

290 586 450 646 tate,
511 585 579 628 ut
622 573 889 630 Matrem
925 594 1094 631 suam
1132 574 1193 630 in
1234 586 1549 653 regentem
1595 573 1839 654 imperii
1878 571 1989 630 ad-

291 662 539 719 mittere
571 673 936 742 cogeretur,
986 663 1111 719 imo
1149 664 1477 720 temeraria
1510 683 1617 720 sua
1660 663 1723 717 in
1759 660 1984 742 Bulga-

289 769 391 807 ros
437 748 834 832 expeditione
860 792 875 821 ‚
928 752 1314 830 comissaque
1353 752 1416 806 in
1457 752 1716 808 Patruos
1765 748 1994 808 crude-

287 836 458 896 litate
489 837 641 896 adeo
675 839 955 896 omnium
995 837 1207 896 odium
1237 839 1534 910 incurrit,
1571 852 1639 895 ut
1671 859 1812 895 eum
1851 835 1989 895 Ma-

287 940 384 985 ter
452 947 689 984 summa
747 927 996 985 saevitia
1061 927 1374 984 excaecari
1429 938 1716 999 curaret,
1770 925 1987 984 eadem

293 1013 391 1073 die
435 1028 495 1072 et
531 1013 681 1073 hora
705 1057 719 1086 ‚
767 1036 890 1095 qua
929 1015 1030 1073 ille
1063 1027 1204 1071 ante
1243 1017 1525 1095 quinque
1564 1036 1755 1073 annos
1803 1017 1986 1071 Chri-

290 1104 686 1178 stophormn‚
750 1104 1201 1178 ,Nicephornm7
1267 1117 1327 1160 et
1386 1105 1680 1160 Nic-etam
1729 1116 1984 1185 patruos

285 1190 479 1251 oculis
535 1192 852 1273 privavit3
917 1192 1026 1272 qui
1077 1192 1258 1249 etiam
1296 1203 1434 1271 post
1488 1192 1541 1248 ὅ.
1586 1213 1776 1249 annos
1815 1212 1987 1249 mor-

285 1294 430 1338 tuus
470 1294 575 1339 est.
636 1276 716 1357 a)
764 1278 820 1335 A
864 1301 990 1361 quo
1034 1293 1314 1359 tempore
1351 1280 1534 1335 Irene
1575 1295 1820 1361 sumpto
1877 1301 1980 1338 re-

282 1368 387 1448 gni
436 1381 715 1450 sceptr0‚
781 1366 1011 1447 Synodi
1057 1367 1327 1425 Nicenae
1371 1389 1467 1425 an.
1513 1371 1654 1426 787.
1707 1367 1987 1427 celebra-

283 1470 378 1514 tae
416 1455 752 1514 canonibus
801 1452 1474 1529 tirmiter‘inhaerenQ
1539 1453 1981 1515 lconomachos

284 1565 499 1603 omnes
545 1557 675 1601 toto
718 1546 991 1625 Imperio
1041 1543 1294 1603 exulare
1343 1542 1535 1626 jussit.
1613 1542 1749 1600 Sub
1807 1541 1984 1625 cujus

285 1633 587 1711 regimine
637 1630 1019 1690 occidentale
1068 1632 1416 1712 Imperium
1472 1632 1828 1691 Romanum
1878 1654 1980 1691 re-

283 1732 625 1778 stauratum
668 1733 757 1777 est
799 1721 863 1776 in
917 1722 1138 1777 Carolo
1178 1722 1268 1777 M.
1316 1722 1429 1803 qui
1473 1722 1717 1776 [renem
1763 1722 1980 1778 matri-

281 1810 493 1865 monio
547 1806 661 1864 sibi
722 1806 1014 1888 copulare
1061 1809 1308 1881 statuit,
1379 1806 1485 1865 sed
1535 1806 1685 1864 dum
1743 1807 1975 1890 legatio

281 1893 882 1976 Constantinopolim
941 1893 1341 1968 adveni1¹et7³
1403 1907 1472 1951 ut
1531 1898 1773 1954 ratione
1846 1918 1975 1954 ma-

281 1984 595 2056 trimonii,
659 1995 720 2042 et
762 1985 1175 2042 terminorum
1210 1983 1412 2042 Italiae
1453 1996 1784 2041 tractatum
1830 2005 1978 2066 per-

282 2069 515 2144 ficeret,
565 2083 733 2130 recte
773 2074 986 2129 Irenes
1024 2095 1056 2129 a
1095 2070 1396 2131 seditiosis
1438 2085 1868 2143 exauctorata,
1915 2086 1980 2131 et.

283 2181 317 2215 a
373 2161 723 2233 Niceplmro
782 2181 947 2219 novo
1001 2160 1388 2241 Imperatore
1437 2173 1644 2218 creato
1700 2162 1977 2241 primum

281 2246 599 2305 Coenobio
640 2247 905 2322 inclusa,
969 2270 1116 2306 mox
1152 2249 1214 2303 in
1259 2247 1520 2306 insulam
1562 2249 1831 2306 Lesbum
1874 2269 1976 2307 re-

280 2332 480 2415 legata
542 2337 625 2393 ita
677 2357 927 2395 saevere
983 2334 1284 2394 custodita
1336 2335 1493 2409 fuit,
1555 2349 1626 2394 ut
1679 2357 1970 2396 moerore

278 2422 771 2499 contabesceret3
843 2446 936 2481 an.
989 2426 1134 2484 802.
1171 2444 1312 2483 cum
1363 2446 1489 2508 qua
1540 2426 1725 2484 etiam
1773 2427 1975 2484 omnis

278 2530 412 2592 spes
453 2514 836 2571 matrimonii
877 2514 1144 2572 evanuit.

1698 2603 1884 2660 Nice-

539 2692 593 2701 -ρ

345 2772 420 2835 α)
507 2770 764 2827 Zonaras,
826 2771 899 2850 Τ.
965 2772 1019 2832 3,
1077 2776 1348 2847 Rhegino.
1411 2774 1474 2831 L.
1526 2772 1578 2830 2.
1646 2771 1971 2841 Theophan.

414 2857 482 2924 p}
513 2838 635 2895 384.
668 2872 735 2882 -
769 2840 887 2895 405.
915 2844 1145 2902 Miscell,
1179 2849 1239 2900 L.
1271 2846 1356 2900 23.
1386 2845 1615 2898 Gedren.
1652 2861 1707 2912 p.
1741 2841 1869 2922 468..
1896 2874 1967 2885 —-

417 2908 1179 3052 {slssbaffiupafireslnezanlgziln
1233 2919 1464 2989 Byzant.
1514 2934 1575 2988 p.
1629 2913 1746 2969 126.
1793 2913 1966 2973 Mich.
