2097 3726
399 188 430 244 Γ)
442 186 471 242 4
488 203 519 241 2
810 180 1120 237 Historia
1166 181 1424 257 Imperii

307 358 596 420 Militibus
633 353 896 436 gloriose
927 379 1047 438 pro
1082 358 1280 439 patria
1313 351 1821 415 occumbentibus
1857 374 1990 412 ma-

303 445 540 529 gnificas
579 466 690 527 per
724 441 1148 503 Monarchiam
1188 445 1477 526 exequias
1516 439 1822 500 celebrari
1860 439 1987 524 jus-

302 527 389 595 sit.
460 534 640 593 1815.
711 532 807 591 26.
877 532 1188 614 Septemb.
1252 536 1493 590 Foedus
1557 525 1986 588 Christianicm

300 643 437 682 cum
477 623 831 678 Alexandro
871 619 1214 678 Russorum
1256 621 1674 700 Imperatore,
1732 632 1794 678 et
1833 621 1986 675 Fri-

300 713 499 769 clerico
551 710 877 765 JVAlhelmo
926 707 1247 766 Borussiae
1300 709 1471 788 Rege
1539 706 1760 781 inivit,
1808 705 1983 788 quod

298 797 632 856 multorum
702 797 1063 877 Principum
1129 796 1471 854 accessione
1525 793 1842 854 firmatum
1906 816 1981 853 eo

295 886 674 970 potissimum
715 882 950 957 tendit,
1015 895 1084 941 ut
1125 882 1301 966 plana
1339 896 1401 942 et
1445 886 1693 965 negotia
1742 883 1987 941 Princi-

296 995 442 1057 pum
484 969 685 1053 quoad
721 970 1111 1053 Religionem
1151 993 1527 1054 omnemque
1570 969 1978 1053 Reipublicae

295 1074 531 1143 partem
602 1082 636 1116 a
712 1063 946 1119 cunctis
1024 1057 1470 1119 inviolabihter
1542 1058 1981 1119 observentur.

298 1149 490 1207 Porro
550 1149 611 1204 in
664 1148 985 1207 Conventu
1046 1150 1380 1205 Viennensi
1436 1151 1620 1213 1814.
1671 1162 1733 1208 et
1793 1149 1978 1208 1815.

293 1236 657 1295 Germaniae
698 1236 1059 1320 Principum
1110 1235 1374 1297 ditiones
1422 1250 1485 1297 et
1537 1235 1679 1319 jura
1724 1233 1978 1296 definita

292 1337 468 1397 sunt,
542 1323 648 1381 ubi
702 1338 969 1384 cessante
1013 1324 1287 1385 Foedere
1337 1322 1677 1398 RhenanO,
1744 1347 1980 1383 novum
2045 1400 2048 1403 ¹

296 1415 526 1470 Foedus
571 1414 1000 1471 Germanicum
1041 1409 1248 1473 den'uo
1297 1413 1559 1474 coaluit:
1625 1415 1841 1495 vigore
1871 1434 1978 1472 cu-

296 1497 386 1580 jus
457 1521 650 1558 novae
722 1503 1091 1561 mutationes
1160 1500 1358 1563 factae
1431 1501 1741 1563 stabilitae
1814 1515 1972 1562 sunt.

298 1586 533 1657 Quibus
576 1588 621 1645 F
626 1587 923 1648 oederatis
970 1592 1367 1672 Principibus
1405 1591 1489 1652 ob
1530 1603 1848 1676 paternam
1884 1603 1979 1650 tot

297 1676 565 1756 gentium
605 1675 1111 1753 sollicitudinem,
1177 1680 1344 1740 Deus
1384 1694 1481 1740 ter
1521 1681 1790 1764 optimus
1830 1679 1976 1739 Ma—

298 1765 492 1821 ximus
550 1765 735 1821 vitam
797 1781 1093 1849 proroget
1156 1792 1347 1851 quam
1406 1769 1784 1842 diutissime,
1863 1770 1976 1851 qui

296 1849 489 1908 adhuc
528 1854 718 1910 vitam
752 1854 1201 1939 Imperatorum
1240 1859 1502 1919 Coronis
1552 1857 1974 1941 dignissimam

291 1937 535 1997 ducunt.

462 2026 505 2103 ᾗ.
557 2028 610 2086 5.
660 2032 878 2088 Status
929 2033 1293 2095 Literarnm
1332 2048 1393 2094 et
1442 2038 1706 2094 Artium
1749 2057 1790 2091 a
1836 2037 1971 2094 Ra-

295 2118 510 2192 clolpho
544 2117 593 2172 I.
633 2119 1094 2197 Habsbnrgiw,
1142 2128 1225 2181 ad
1257 2137 1541 2183 nostram
1577 2145 1768 2201 usqae
1793 2135 1973 2181 aeta-

297 2214 431 2259 tem.
482 2204 817 2284 Imperium
845 2207 1128 2270 Romano
1168 2213 1609 2275 Germanicum
1642 2211 1757 2271 sub
1788 2213 1974 2295 quin-

290 2302 349 2346 ta
404 2292 853 2373 Imperatorum
906 2296 1131 2357 familia
1176 2324 1401 2386 nempe
1458 2305 1814 2361 Austriaca
1862 2322 1975 2360 cu·-

288 2375 382 2458 jus
427 2379 704 2439 conditor
753 2397 885 2442 erat
933 2389 1297 2467 Rndolplzns
1349 2394 1399 2450 I.
1458 2390 1968 2472 Habsburgicus,

289 2464 364 2522 ad
416 2470 747 2528 maximum
799 2472 1076 2536 culturae
1130 2494 1191 2539 et
1240 2478 1641 2562 perfectionis
1687 2477 1969 2538 Gradum

288 2552 536 2614 devenit
591 2559 897 2618 variarum
939 2563 1194 2626 Artium
1239 2570 1543 2643 inventiS,
1607 2583 1670 2628 et
1723 2568 1969 2627 Litera—

289 2663 425 2700 rum
472 2659 833 2725 augmento,
890 2654 1116 2732 quibus
1170 2672 1518 2718 commenta
1581 2656 1965 2740 superstitio-

291 2731 380 2827 nis
420 2731 659 2790 tandem
697 2734 934 2797 detersa
973 2756 1128 2809 sunt,
1178 2746 1595 2827 Imperatores
1634 2747 1800 2806 enim
1840 2741 1966 2827 jam

295 2820 404 2917 ipsi
462 2819 855 2898 eruditiores,
922 2831 1011 2888 uti
1074 2832 1276 2893 literas
1331 2848 1393 2894 et
1448 2837 1755 2895 Literatos
1813 2854 1965 2915 prae

294 2904 420 2962 aliis
481 2907 834 2985 coluerunt,
906 2917 987 2972 ita
1055 2942 1269 2980 eorum
1340 2923 1644 2998 consiliis,
1732 2924 1966 3005 primas

297 3010 425 3054 §uas
472 3015 642 3055 curas
685 2998 761 3060 ad
816 3001 1148 3070 Nationum
1197 3009 1314 3071 sibi
1370 3010 1784 3098 subjectarum
1835 3032 1965 3069 am·-

1615 3099 1879 3187 pliorem
