2097 3726
354 168 388 225 5
405 164 478 222 26
815 168 1114 225 Historia
1159 171 1413 244 Imperii

262 344 429 400 niam
478 340 787 397 Emanuel
830 344 1182 423 precarium
1216 354 1463 400 tantum
1508 340 1762 424 Imperii
1818 361 1949 400 sce-

262 443 471 512 ptrum
527 440 814 504 tenerat3
873 429 1123 489 tandem
1181 450 1368 490 senex
1449 433 1545 491 72.
1606 451 1948 503 annorum,

261 515 578 595 regiminis
632 518 730 576 32.
782 532 1063 576 mortuus
1109 532 1238 591 est,
1287 540 1483 600 quum
1528 515 1729 576 filium
1764 538 1945 576 suum

259 606 554 660 Ioannem
592 623 1005 665 successorem
1042 608 1497 665 nominavisset.
1563 605 1648 683 a)

434 692 700 749 Joannes
751 693 904 752 VII.
952 697 1378 773 PalaeologaS.
1397 696 1568 754 Patri
1609 690 1941 753 succedens

259 777 492 838 deliciis
565 777 807 840 deditus
874 783 1162 865 princeps
1233 805 1329 839 an.
1408 784 1593 847 1424.
1639 803 1787 841 mox
1824 782 1945 842 im-

261 865 604 950 prudenter
655 870 1072 945 Mastaplzam
1119 883 1338 930 contra
1372 872 1791 928 Mallometem
1844 866 1942 952 ju-

259 952 502 1028 vandO,
541 955 918 1015 Amat-atem
952 955 1355 1017 vehementer
1379 958 1707 1018 adversum
1736 978 1800 1017 se
1823 1001 1839 1030 ,
1882 968 1948 1016 et

259 1040 644 1102 obsidionem
721 1043 897 1104 urbis
971 1046 1358 1104 concitavit:
1421 1068 1629 1128 neque
1709 1043 1949 1129 profuit

261 1129 605 1212 quidquam
661 1133 719 1190 ei
764 1135 1034 1195 Venetos
1093 1132 1326 1192 auxilio
1380 1154 1678 1209 evocare,
1741 1135 1943 1215 iisque

258 1217 784 1279 Thaessalonicam
820 1219 1136 1295 vendere,
1183 1243 1326 1279 nam
1359 1219 1623 1281 et·hanc
1673 1224 1949 1280 Amara-

261 1319 353 1363 tes
398 1328 759 1390 expugnans
810 1310 1068 1372 Venetis
1127 1310 1369 1368 restitit.
1459 1311 1606 1369 Post
1642 1307 1791 1369 haec
1844 1310 1973 1366 Jo-·

259 1417 449 1452 annes
513 1397 809 1477 quoniam
871 1396 1019 1455 urbi
1079 1399 1351 1457 exicium
1419 1399 1746 1458 imminere
1799 1417 1950 1456 con-

258 1485 588 1566 spexisset,
621 1507 770 1543 mox
822 1487 888 1543 in
943 1485 1180 1546 Italiam
1221 1507 1364 1545 cum
1401 1481 1757 1545 Patriarcha
1797 1505 1949 1544 con-

256 1573 474 1645 cessit,
530 1570 638 1629 ubi
681 1571 1030 1633 Florentiae
1074 1584 1144 1630 ut
1197 1596 1232 1632 a
1283 1575 1524 1633 Latinis
1559 1572 1948 1657 principibus

258 1659 660 1718 assistentiam
721 1661 1059 1742 impetrare
1117 1675 1353 1745 posset,
1409 1662 1675 1721 Graecas
1730 1660 1948 1721 Eccle-

260 1749 374 1806 sias
419 1746 728 1806 Romanae
777 1749 1002 1806 univit.
1061 1748 1122 1826 b)
1172 1749 1293 1809 Sed
1327 1749 1580 1809 domum
1624 1769 1948 1823 reversus,

259 1856 402 1894 cum
449 1833 665 1893 Graeci
710 1833 968 1894 schisma
1010 1834 1324 1919 deponere
1370 1837 1747 1912 noluissent,
1796 1859 1948 1920 prae

257 1921 505 1981 tristitia
565 1923 785 1981 misere
832 1925 1066 2005 perivit
1106 1925 1422 2005 regiminis
1473 1949 1567 1983 an.
1608 1927 1662 1984 5.
1705 1946 1941 1984 succes-

256 2032 460 2070 sorem
508 2012 862 2091 relinquens
915 2009 1109 2070 filium
1170 2016 1664 2079 Constantinam,

439 2100 874 2156 Constantinus
946 2102 1221 2158 Velimas
1269 2123 1363 2160 an.
1422 2105 1605 2161 1448.
1654 2103 1944 2184 princeps

254 2185 702 2246 infelicissimus
758 2183 1053 2246 thronum
1108 2187 1560 2261 conscendens,
1611 2211 1750 2248 mox
1813 2188 1939 2265 fra-

257 2291 457 2348 trum,
494 2272 847 2332 Turcorum
885 2275 1190 2336 auxilium
1227 2279 1653 2359 expetentium
1704 2278 1944 2336 intesti-

261 2385 369 2423 nas
437 2361 649 2420 turbas
709 2361 875 2422 ferre
927 2362 1228 2439 debebat,
1276 2364 1526 2425 demum
1578 2367 1634 2425 5.
1688 2366 1942 2447 regimi-

255 2456 351 2510 nis
406 2471 568 2509 anno
614 2451 806 2533 ipsam
852 2451 1453 2537 Constantinopolim
1492 2451 1810 2513 horrendo
1841 2451 1942 2512 fu-

252 2561 398 2600 rore
441 2539 816 2597 mahometis
860 2541 940 2600 II.
988 2554 1230 2625 captam
1282 2541 1479 2618 vidit,
1523 2545 1631 2625 qui
1671 2544 1941 2623 tragicus

254 2643 422 2689 actus
455 2638 594 2711 post
643 2628 739 2687 55.
775 2627 1020 2690 dierum
1056 2629 1445 2691 obsidionem
1487 2633 1765 2713 contigit.
1815 2630 1935 2691 Fe-

1752 2738 1847 2777 rie

324 2888 396 2973 ἁ)
437 2903 606 2957 Laon.
659 2903 1017 2969 Chalcoeond‚
1072 2907 1131 2960 L.
1191 2907 1241 2962 4.
1298 2917 1351 2960 et
1406 2908 1454 2960 5.
1502 2924 1609 2960 rer.
1656 2904 1942 2965 Turciear.

393 2974 545 3028 Joan.
581 2975 888 3043 Cuspinian.
920 2979 979 3029 in
1010 2978 1120 3029 vita
1153 2978 1434 3031 ManueliS.
1479 2976 1551 3048 b)
1590 2981 1758 3032 Laon.
1792 2976 1938 3030 Cha-

391 3042 638 3095 leocond.
679 3046 738 3096 L.
777 3045 824 3098 5.
863 3055 915 3099 et
948 3046 999 3105 6.
1032 3048 1344 3120 Cuspinian.
1377 3049 1537 3103 aliter
1570 3048 1625 3101 in
1664 3044 1936 3105 Manuele.
