2097 3726
307 223 390 307 76
773 224 1383 284 IIistoria

217 401 390 460 ravit
428 395 826 479 eloquentiae
879 396 1064 462 laude
1113 403 1206 462 M.
1265 403 1507 461 Tullius
1561 405 1772 464 Cicero
1812 428 1922 476 nass-

217 503 316 548 tus
367 510 416 545 a.
466 487 544 544 U.
590 484 735 546 648.
782 487 865 567 a)
912 490 1023 571 qui
1061 511 1363 572 oppresso
1426 493 1740 568 Catilina,
1790 498 1923 577 pri-

216 596 355 636 mus
396 575 583 653 Pater
623 574 871 635 Patriae
912 577 1297 660 appellatus,
1358 577 1605 640 tandem
1649 585 1923 666 proscri—

218 665 436 746 ptione
473 661 918 739 Triumvirali‚
952 685 1001 722 a.
1044 669 1258 727 aetatis
1293 666 1394 727 64.
1422 667 1598 735 obiit,
1644 705 1726 715 —
1777 673 1926 729 Ter—

217 755 459 810 rentius
501 753 735 818 Varro
781 753 1215 814 Romanorum
1269 755 1761 831 eruditissimus7
1826 760 1925 817 vi·-

212 842 311 898 xit
354 844 451 901 84.
481 841 675 899 annis.
718 842 924 901 Julius
965 843 1205 903 Caesar
1246 847 1437 906 etiam
1472 847 1637 906 inter
1671 847 1925 906 Doctis-

215 931 403 990 simos
459 942 523 989 et
562 926 999 989 disertissimos
1035 936 1354 993 numerari
1399 932 1603 994 debet.
1653 937 1729 992 L.
1779 937 1927 992 Coe-

215 1020 337 1076 lius
381 1019 741 1093 Antipater
776 1019 1092 1079 Historiae
1135 1024 1404 1104 scriptor
1442 1019 1518 1079 ad
1562 1046 1613 1081 a.
1653 1024 1730 1081 U.
1776 1023 1923 1082 650..

214 1105 294 1184 h)
344 1108 687 1165 Sallustius
747 1119 890 1166 ante
940 1129 1212 1190 pugnam
1266 1109 1580 1171 Actiacam
1650 1125 1926 1193 quatuor

216 1195 391 1253 annis
425 1208 727 1264 mortuus,
776 1195 1003 1255 Poetae
1035 1195 1550 1258 celebrabantur:
1602 1202 1925 1274 Turpilius

212 1285 517 1343 Comicus.
603 1285 890 1342 Lucilius
950 1284 1285 1365 Satyrious.
1358 1290 1699 1360 Quintillus
1757 1291 1925 1351 Acta

217 1372 599 1454 Togatarum
636 1374 925 1455 scriptor,
979 1376 1283 1433 Valerius
1317 1375 1599 1433 Catullus
1635 1377 1733 1435 50.
1761 1388 1928 1435 aeta-

219 1463 296 1519 tis
343 1483 506 1521 anno
544 1463 785 1523 Romae
843 1474 1148 1521 mortuus,
1215 1465 1557 1522 Lucretius
1611 1485 1765 1524 vero
1809 1464 1929 1523 sibi

219 1563 493 1609 mortem
539 1549 752 1608 intulit
789 1572 838 1606 a.
880 1554 1098 1610 aetatis
1150 1553 1247 1610 44.
1306 1552 1377 1631 c)
1431 1555 1767 1612 Vitruvius
1813 1553 1931 1612 sub

219 1638 386 1695 Julio
461 1639 732 1696 Caesare
791 1636 1270 1699 Architecturae
1342 1641 1653 1702 Sclentiae·
1726 1639 1931 1700 clarus

219 1723 355 1784 fuit.
425 1727 692 1785 Demum
740 1728 981 1784 Caesar
1030 1730 1419 1786 Octavianus
1456 1731 1531 1789 T.
1571 1730 1825 1788 Livium
1867 1743 1933 1790 et

217 1813 598 1873 Strabonem
643 1816 989 1873 Historicos
1041 1817 1105 1874 in
1153 1813 1395 1876 honore
1436 1813 1689 1892 habuit3
1757 1815 1934 1900 cujus

221 1916 383 1961 aetas
416 1923 788 1985 magnorum
821 1905 1222 1984 ingeniorum
1255 1903 1558 1966 foecunda
1591 1905 1738 1965 fuit:
1787 1928 1931 1964 nam

224 1991 390 2049 inter
428 1991 732 2063 Gramma,
796 1991 1144 2051 Historiam
1177 1992 1569 2052 illustrarunt
1605 1989 1930 2053 Diodorus

226 2082 491 2137 Siculus,
531 2082 886 2156 Dionysius
927 2084 1512 2140 Ificlc'cumzassenus
1536 2096 1598 2141 et
1632 2086 1932 2144 ZVicolaus

226 2170 684 2235 Dcmzascenu&
733 2169 827 2227 Ex
865 2169 1106 2229 Latinis
1141 2192 1296 2229 vero
1338 2173 1658 2230 Cornelius
1701 2175 1930 2247 Nepae,

231 2259 591 2316 Sallustius
655 2258 882 2317 Poetae
933 2280 1189 2340 quoque
1226 2259 1458 2341 Magno
1488 2281 1752 2319 numero
1792 2258 1932 2318 Cla-

225 2345 453 2405 rissimi
490 2347 824 2419 vixerunt,
869 2348 963 2404 uti
1007 2350 1321 2426 Virgilius
1359 2350 1575 2409 aetatis
1623 2350 1722 2417 51.
1765 2369 1932 2407 anno

226 2444 527 2493 mortuus.
619 2437 938 2491 IIoratius
990 2437 1087 2513 57.
1147 2439 1360 2496 aetatis
1411 2458 1577 2496 anno
1628 2450 1933 2496 mortuus.

227 2521 387 2582 Item
447 2522 809 2604 Elegiorum
875 2524 1161 2605 Scriptor
1238 2528 1551 2600 Tibullus,
1618 2527 1727 2608 qui
1790 2545 1932 2583 cum

230 2615 519 2669 Messala
575 2610 812 2670 bellum
870 2634 1124 2693 gerens,
1204 2613 1366 2673 dona
1426 2615 1715 2674 militaria
1770 2611 1930 2673 tulit.

232 2698 392 2760 Item
434 2702 819 2777 Propertius.
876 2704 1132 2762 Ovidius
1168 2724 1321 2764 vero
1362 2702 1441 2762 ab
1482 2704 1825 2762 Octaviano
1864 2701 1932 2759 in

1780 2812 1845 2847 in

305 2963 376 3025 a)
419 2959 621 3012 Gellius
670 2959 731 3013 L.
763 2957 845 3013 15.
902 2981 946 3015 c.
979 2960 1065 3014 28.
1104 2963 1380 3016 Plutarch.
1431 2963 1538 3014 Cic.
1585 2979 1641 3030 p.
1686 2957 1806 3013 885.
1861 2956 1932 3029 b)

376 3030 515 3081 vall.
555 3031 702 3085 Max.
741 3031 801 3083 L.
840 3030 883 3085 1.
923 3052 969 3087 e.
1010 3032 1056 3087 7.
1094 3034 1159 3105 c)
1199 3036 1424 3088 Hieron.
1458 3033 1526 3085 ad
1554 3032 1777 3102 Olymp.
1811 3029 1928 3082 171.

377 3117 528 3170 seqq·
