2097 3726
329 210 444 282 206
766 209 1375 272 Historia

224 413 298 452 re
341 399 631 473 poterant
661 383 930 447 Romani
972 387 1425 472 Imperator-m,
1485 387 1594 471 qui
1653 386 1799 449 inde
1843 387 1924 450 ab

227 482 516 556 Augusto
539 498 737 559 usque
768 477 1208 537 Constantium
1238 479 1529 537 Clzlormn
1552 491 1748 552 erant,
1789 480 1923 538 uti:

409 569 461 626 1.
521 568 908 625 Octavianus
942 567 1308 644 Augustae,
1356 569 1467 650 qui
1491 590 1526 625 a
1560 568 1728 625 ιῙιιῖιό
1774 569 1929 625 Cae-

221 678 372 715 sare
408 654 717 715 avunculo
762 676 875 715 suo
917 653 1279 740 adoptatus,
1339 669 1410 715 ut
1442 656 1733 740 princeps
1775 678 1929 740 pru-

217 744 404 820 dem,
469 743 787 820 eruditus,
836 743 1135 820 blandus,
1183 759 1245 805 et
1282 742 1633 805 fundandae
1667 745 1929 805 Monar-

217 832 396 894 chiae
429 835 820 917 aptissimuS‚
887 832 974 913 a)
1040 855 1200 893 anno
1255 848 1397 918 post
1448 835 1923 894 triumviratum

221 925 367 985 XII.
413 946 629 984 rerum
668 923 902 1005 potitus
947 935 1071 1000 est3
1131 923 1443 1007 brevique
1481 923 1564 983 ob
1608 935 1929 1008 praestan-

221 1015 407 1087 tiam,
477 1027 583 1071 aut
619 1025 870 1070 auctum
909 1011 1281 1094 imperium,
1331 1014 1572 1095 primus
1613 1036 1648 1072 a
1692 1012 1929 1072 Senatu

222 1104 556 1178 Augustus
625 1098 1003 1183 appellatus;
1092 1099 1374 1181 Augusto
1445 1104 1640 1162 mensi
1697 1123 1932 1161 nomen

219 1189 436 1266 dedit,
501 1192 609 1273 qui
650 1204 833 1249 antea
881 1187 1133 1248 Sextilis
1173 1187 1520 1250 dicebatur.
1567 1189 1927 1273 Aegyptum

221 1282 290 1339 in
335 1281 726 1363 provinciam
767 1275 1024 1358 redegit.
1073 1276 1486 1354 Dalmatiam,
1517 1281 1925 1354 Pannoniam,

225 1368 548 1450 Illyricum
574 1415 588 1442 ‚
635 1365 969 1428 Rhoetiam
996 1410 1012 1440 ‚
1083 1380 1146 1426 et
1173 1364 1535 1427 Vindelicos
1575 1390 1690 1450 per
1734 1371 1928 1426 Dru-

221 1480 362 1517 sum
419 1471 482 1518 et
533 1459 849 1517 Tiberium
898 1456 1335 1515 Romanorum
1376 1458 1644 1537 imperio
1692 1455 1931 1538 adjecit.

219 1545 593 1608 Armeniam
630 1569 665 1604 a
703 1543 949 1605 Parthis
985 1547 1255 1628 recepit,
1306 1543 1562 1627 Scythas
1599 1558 1662 1606 et
1703 1544 1927 1620 Indos,

220 1650 402 1696 antea
440 1649 686 1694 tantum
724 1633 883 1692 fama
926 1635 1241 1714 cognitos,
1305 1632 1381 1691 ad
1425 1655 1598 1695 suam
1623 1681 1639 1709 ‚
1707 1647 1772 1694 et
1819 1655 1933 1718 po-

223 1724 359 1810 puli
397 1725 668 1785 Romani
714 1722 1058 1781 amicitiam
1106 1735 1326 1805 sponte
1365 1744 1481 1805 per
1520 1724 1783 1805 Legatos
1820 1744 1934 1806 pe-

223 1812 476 1873 tendam
530 1812 759 1872 allexit.
842 1807 1104 1870 Pacifice
1157 1813 1447 1892 regnavit
1497 1813 1547 1870 si
1600 1810 1803 1870 clades
1867 1813 1933 1869 in

223 1902 566 1964 Germania
607 1914 920 1983 acceptas,
967 1896 1041 1975 b)
1080 1897 1426 1958 Lollianam
1462 1915 1524 1960 et
1555 1901 1933 1959 Vari-ianam

222 1994 539 2075 excipias3
601 1991 713 2049 ubi
754 1989 1097 2063 Quintilius
1151 1991 1369 2046 Varus
1415 2010 1556 2048 cum
1603 1988 1805 2048 tribus
1843 1987 1934 2047 le-

223 2080 520 2164 gionibus
557 2094 619 2139 et
656 2102 762 2140 sex
803 2075 1169 2137 cohortibus
1218 2099 1251 2135 a
1288 2077 1618 2138 Germanis
1657 2076 1933 2137 trucida-

227 2168 436 2230 batur.
503 2168 634 2228 Sub
679 2168 797 2227 hoc
845 2164 1103 2250 pacifico
1153 2166 1546 2249 Imperatore
1593 2188 1782 2228 verus
1824 2164 1930 2224 ille

228 2261 398 2343 pacis
430 2259 728 2341 Princeps
771 2259 821 2314 J
829 2277 1017 2314 esus
1058 2257 1452 2315 Christus
1490 2270 1778 2316 aeternus
1813 2255 1930 2314 Dei

224 2345 389 2407 filius
444 2369 523 2408 ex
587 2349 819 2404 Maria
852 2346 1120 2426 Virgine
1162 2358 1338 2404 natus
1388 2358 1480 2405 est
1516 2345 1813 2428 Magister
1859 2363 1930 2402 ac

225 2435 463 2496 vindex
499 2436 742 2517 generis
782 2431 1074 2494 humani:
1139 2458 1170 2493 a
1211 2432 1386 2518 cujus
1432 2436 1756 2494 nativitate
1805 2434 1931 2489 Ae-

224 2546 346 2584 rae
418 2526 828 2583 Christianae
901 2525 1148 2586 initium
1221 2534 1472 2583 sumunt
1525 2520 1925 2602 Chronologi.

221 2614 525 2675 Ceterum
576 2616 967 2673 Octavianus
1011 2615 1075 2676 in
1118 2610 1321 2675 media
1361 2611 1655 2674 felicitate
1711 2609 1922 2695 puhli-

1735 2720 1838 2772 ca,

289 2872 369 2946 a)
407 2872 601 2944 Vellej.
631 2873 812 2931 Pater.
851 2873 916 2931 L.
953 2872 1008 2929 2.
1043 2872 1248 2927 Sveton
1284 2873 1344 2926 in
1382 2873 1501 2925 Vita
1540 2872 1770 2948 August.
1809 2866 1924 2921 Ta-

367 2946 526 2998 citus·
567 2963 692 2997 ann.
740 2947 804 2999 L.
845 2943 892 2997 1.
939 2943 1084 2997 Flor.
1117 2945 1183 3001 L.
1217 2943 1269 2998 4.
1322 2941 1394 3016 h)
1446 2942 1673 2995 Sveton.
1707 2957 1764 2992 ln
1805 2941 1921 2991 Au-

364 3024 515 3138 gus5tg
547 3035 592 3070 c.
628 3013 716 3077 23.
757 3014 879 3071 Dio·
906 3015 1052 3071 Cass.
1102 3015 1165 3072 L.
1193 3014 1280 3071 56.
1317 3012 1558 3070 Tacita&
1594 3027 1725 3071 ann.
1768 3009 1828 3067 L.
1866 3006 1920 3064 1.

363 3104 411 3138 c.
521 3125 539 3145 .
