2097 3726
439 138 865 215 Antiquorum
911 131 1376 201 Germanorum.
1534 128 1613 209 54
1629 151 1649 191 1

59 314 348 398 gentibus
406 311 747 376 evaderent
796 308 1167 390 superiores.
1251 305 1416 368 Hinc
1465 309 1748 371 civitates

58 402 418 475 aedificare,
464 420 643 481 agros
663 395 901 469 colere,
947 397 1136 455 armis
1170 416 1233 456 se
1259 398 1600 473 instruere,
1644 397 1751 481 ju-

56 505 263 551 menta
298 489 372 548 ad
410 489 556 548 belli
594 508 774 546 usum
814 482 1237 559 adsvefacere,
1283 507 1317 543 a
1353 487 1752 571 Principibus

57 582 200 653 suis,
243 579 398 660 leges
443 577 755 657 accipere,
788 574 1051 655 aliisque
1087 575 1316 634 artium
1355 574 1648 656 operibus
1688 598 1752 636 se

58 667 319 749 amplius
359 685 653 724 exercere
694 676 1074 745 coeperunt3
1120 683 1393 745 quorum
1434 663 1752 725 solertiam

57 754 319 814 acuebat
382 753 706 835 pauperies
771 749 961 822 adeO,
1025 763 1092 809 ut
1145 751 1507 833 gravissima
1561 774 1752 834 quae-

58 863 218 926 quae
257 840 548 924 improbo
587 839 802 901 labore
842 853 1246 922 superarent,
1292 860 1461 899 arma
1498 840 1756 901 meliora

56 931 133 990 ab
181 929 471 1004 advenis,
520 926 999 988 domesticarum
1060 928 1360 990 mercium
1410 942 1757 989 commuta-

58 1021 226 1078 tione
274 1016 691 1091 redimerent,
750 1015 983 1098 quibus
1029 1016 1155 1099 ipsa
1202 1020 1424 1076 raritas
1480 1019 1754 1100 pretium

58 1106 277 1181 dabat,
335 1128 464 1166 non
518 1107 686 1166 enim
732 1105 906 1165 licuit
955 1104 1134 1165 alicui
1192 1127 1365 1164 arma
1411 1127 1757 1178 summere,

59 1217 247 1276 quam
296 1195 528 1253 Civitas
569 1216 715 1255 eum
765 1195 1163 1254 sufficientem
1202 1193 1607 1266 declarasset,
1664 1193 1759 1252 id-

59 1304 184 1364 que
227 1305 344 1365 pro
392 1284 661 1356 meritis,
725 1281 890 1345 unde
929 1283 1206 1364 primum
1258 1285 1517 1342 Feadi
1565 1302 1758 1364 genus

58 1371 349 1443 invaluit3
385 1385 454 1435 ut
486 1394 563 1430 ex
596 1372 894 1454 principis
928 1369 1300 1432 liberalitate
1334 1372 1587 1452 exigere
1613 1391 1759 1430 coe-

55 1461 268 1541 perint
309 1458 482 1517 illum
537 1457 904 1519 bellatorem
950 1480 1185 1540 equum
1212 1503 1227 1533 ,
1286 1459 1387 1520 vel
1429 1472 1755 1519 cruentam

58 1549 513 1629 victricemque
559 1547 890 1607 frameam:
946 1549 1242 1628 quoniam
1281 1561 1422 1609 ante
1459 1545 1754 1628 stipendii

57 1634 194 1695 loco
229 1637 347 1695 nisi
385 1635 600 1717 epulae
648 1648 881 1715 essent3
930 1656 1090 1715 quae
1124 1633 1273 1697 dum
1318 1648 1446 1695 tam
1498 1634 1758 1694 difficul-

57 1736 153 1782 ter
197 1724 672 1796 obtinerentur,
733 1745 878 1782 raro
928 1721 1277 1807 deponere,
1327 1727 1455 1792 imo
1501 1724 1760 1784 tumulis

56 1833 264 1871 secum
341 1811 572 1872 inferre
643 1811 959 1885 solebant,
1039 1826 1231 1895 prout
1283 1825 1533 1896 reperta
1594 1826 1756 1875 sunt.

58 1903 270 1982 Itaque
306 1899 483 1982 hujus
521 1905 717 1984 gentis
748 1900 1030 1961 instituta
1063 1902 1305 1977 omnia,
1344 1914 1506 1963 artes
1540 1913 1603 1960 et
1638 1898 1756 1960 ho-

62 2001 324 2048 nestates
365 1987 440 2047 ad
487 1992 742 2047 unicum
777 2010 1003 2072 nempe
1054 1988 1400 2072 gloriosum
1434 1988 1582 2050 belli
1626 2004 1755 2050 stu-

55 2074 230 2136 dium
266 2076 767 2139 conferebantur.
803 2114 887 2123 -—
927 2078 1387 2142 Germanorum
1427 2082 1628 2138 victus
1654 2100 1757 2138 ra-

59 2166 296 2224 tionem
343 2163 465 2246 jam
521 2170 761 2226 Caesar
804 2169 889 2226 sic
935 2165 1290 2230 adnotavit:
1351 2166 1559 2250 Major
1610 2188 1755 2250 pars

59 2255 259 2312 victus
301 2274 522 2313 eornm
561 2256 623 2312 in
664 2254 820 2314 lacte
853 2267 914 2315 et
959 2277 1171 2329 case0‚
1218 2270 1282 2316 et
1327 2278 1512 2320 carne
1554 2262 1758 2316 consi-

60 2342 201 2414 stit,
252 2361 379 2399 non
420 2341 533 2400 alia
575 2341 748 2424 pulte
798 2365 987 2424 quam
1027 2365 1105 2404 ex
1142 2366 1337 2404 avena
1388 2348 1638 2417 vivere,
1690 2345 1755 2402 in

61 2439 326 2509 egestate
375 2440 576 2489 tamen
632 2443 703 2487 ut
755 2431 836 2509 a)
891 2434 1261 2506 Pomponius
1316 2436 1492 2491 Mela
1534 2431 1761 2504 refert,

63 2531 126 2575 et
162 2514 373 2574 crudis
420 2516 832 2577 vescebantur
872 2519 1178 2579 carnibus,
1245 2521 1609 2582 Comuniter
1654 2542 1764 2579 au-

64 2617 191 2665 tem
244 2604 372 2670 cibi
419 2619 598 2665 erant
630 2605 976 2688 simpliceS,
1030 2629 1244 2668 recens
1279 2607 1452 2681 fera,
1501 2610 1763 2691 agrestia

65 2714 282 2775 poma,
332 2705 394 2752 et
435 2695 524 2752 lac
560 2708 936 2754 concretum.
996 2695 1186 2756 Potus
1221 2694 1447 2756 humor
1496 2718 1574 2758 ex
1618 2695 1767 2755 hor-

67 2780 186 2841 deo
224 2794 331 2840 aut
361 2779 677 2843 frumento
716 2796 833 2843 est:
885 2806 1082 2866 quum
1116 2797 1323 2845 autem
1360 2783 1763 2846 credidissent

1484 2874 1681 2933 nemi-

144 3044 216 3106 a)
254 3041 410 3103 Mela.
446 3043 506 3098 L.
535 3041 590 3103 3.
621 3063 667 3097 c.
701 3042 752 3098 3.
789 3044 1032 3106 Tacitus.
1067 3045 1125 3099 L.
1162 3043 1243 3099 17.
1279 3055 1334 3098 et
1367 3044 1450 3100 23.
