2097 3726
359 207 477 285 198
803 204 1403 260 Historia

263 375 803 439 confoederatione
884 380 1240 438 Theoderici
1323 374 1676 439 Gothorum
1761 380 1965 459 regis,

264 470 520 542 ejusque
560 464 668 523 filii
717 466 1151 525 leorisnzmzcll
1181 468 1483 526 auxilium
1519 467 1818 542 alfa-em,
1853 466 1933 524 ho
1958 503 1971 513 -

262 570 417 614 stem
471 568 640 612 tanta
692 552 866 615 clade
910 556 1146 628 affecit,
1193 571 1264 616 ut
1312 570 1372 616 et
1415 557 1678 615 victoria
1733 557 1968 638 potire-

264 658 399 716 tur,
469 653 531 702 et
576 643 821 703 Urbem
863 642 1178 705 liberaret.
1251 646 1514 703 Interim
1565 645 1778 702 Attila
1825 665 1967 702 cum

264 752 375 789 suo
420 732 702 790 exercitu
742 730 1096 816 adcampos
1148 735 1593 792 Catalaunicos
1628 730 1920 792 recedens
1947 776 1964 803 ,

262 819 469 878 denuo
534 820 612 878 ab
671 818 825 880 hora
867 822 980 887 IX,
1034 820 1160 882 diei
1206 844 1319 903 per
1366 824 1672 902 integram
1721 833 1968 879 noctem

263 905 575 968 horrenda
638 923 843 992 strage
906 910 1082 969 initio
1132 911 1331 969 victus
1388 923 1517 984 est,
1579 907 1971 969 ceciderunt-

262 1019 388 1079 que
440 995 518 1054 ad
579 997 845 1057 Centum
895 998 1266 1081 Octvaginta
1325 998 1514 1058 millia
1564 1021 1641 1058 ex
1698 1010 1972 1079 utraque

261 1097 476 1168 parte,
542 1099 797 1168 praeter
843 1106 1076 1167 90000.
1140 1086 1527 1168 Gepidarum
1588 1099 1650 1146 et
1693 1083 1970 1144 Franco-

261 1195 427 1247 rum,
465 1172 938 1255 a)quimutuis
971 1173 1338 1234 vulneribus
1361 1175 1828 1234 occubuerunt:
1873 1173 1970 1230 in·-

261 1283 449 1344 super
508 1264 923 1320 Theodora-as
971 1275 1034 1321 et
1081 1264 1575 1321 Thorismunslecs
1618 1262 1969 1335 vulnerati,

262 1353 483 1410 Attila
522 1371 678 1411 vero
719 1349 1023 1434 profugus
1073 1374 1221 1433 prae
1267 1350 1701 1435 desperatione
1738 1371 1966 1432 rogum

262 1440 378 1499 sihi
424 1451 778 1512 struxerat,
847 1440 893 1498 si
943 1438 1098 1521 quid
1142 1441 1378 1500 sinistri
1437 1437 1762 1506 accideret.
1832 1439 1970 1509 Qua

267 1531 328 1590 in
372 1549 580 1611 pugna
633 1527 922 1589 debellati
975 1530 1162 1588 etiam
1211 1528 1470 1590 fuissent
1520 1528 1773 1602 Hunni,
1849 1527 1967 1584 nisi

264 1619 495 1674 Aetius
543 1629 738 1677 astute
790 1618 1065 1692 veritus,
1128 1617 1378 1678 Hunnis
1431 1617 1742 1703 oppressis
1798 1616 1969 1674 irru—

262 1705 543 1789 ptionem
582 1701 952 1763 disvasisset.
1018 1707 1313 1766 Ceterum
1355 1705 1449 1766 his
1491 1707 1679 1765 etiam
1721 1705 1970 1788 pericu-

265 1792 337 1851 lis
386 1792 600 1850 Attila
653 1790 816 1851 haud
869 1790 1048 1851 desiit
1093 1816 1220 1854 esse
1260 1809 1460 1854 metus
1501 1794 1675 1852 orbis
1723 1805 1786 1852 et
1834 1790 1971 1848 Fla-

268 1880 498 1962 gellum
536 1879 685 1955 Dei3
734 1880 1033 1960 quoniam
1068 1904 1217 1940 mox
1258 1883 1598 1942 instaurato
1641 1881 1966 1950 exercitu,

263 1989 501 2028 summa
549 1967 918 2027 crudelitate
968 1968 1205 2028 Italiam
1255 1983 1558 2045 vastarem
1622 1965 1796 2048 cujus
1834 1981 1970 2025 ter-

265 2080 412 2118 rore
480 2057 743 2130 Veneti,
809 2055 1041 2137 aliique
1109 2059 1539 2120 Romanorum
1593 2055 1967 2116 nobilissimi

261 2145 572 2232 perculsi,
618 2167 765 2204 mox
806 2147 869 2201 in
915 2147 1123 2206 vicino
1166 2150 1325 2206 mari
1375 2149 1697 2206 Rico-alto
1740 2143 1974 2223 refugi-

268 2258 376 2295 um
415 2247 816 2318 quaerentes,
867 2233 1111 2294 Urbem
1149 2257 1380 2294 novam
1422 2238 1491 2292 V
1484 2237 1723 2291 ene-tias
1767 2232 1972 2292 nomi-

267 2340 475 2383 natam
520 2319 953 2381 condiderunt.
1036 2324 1300 2381 Interim
1353 2326 1566 2382 Attila
1602 2320 1967 2404 praecipuas

267 2413 477 2472 Italiae
520 2412 798 2470 civitates
855 2409 1266 2484 suece11denS‚
1329 2409 1755 2471 Mediolanum
1806 2431 1971 2490 quo-

268 2524 395 2576 que
435 2502 700 2572 evertit,
743 2496 854 2558 sed
899 2501 1138 2557 Romae
1178 2520 1442 2560 occursu
1477 2500 1706 2556 Leonis
1752 2496 1971 2558 Ponti-

270 2579 397 2652 ficis
459 2590 759 2671 pepercit,
828 2586 909 2666 b)
981 2590 1128 2648 Post
1171 2585 1320 2649 haec
1376 2590 1860 2648 Valentinianus
1912 2607 1962 2642 a.

1740 2675 1881 2733 454.

273 2771 589 2793 μ

341 2852 413 2925 α)
452 2848 714 2901 Jornand.
771 2870 813 2900 c.
854 2846 938 2901 38.
974 2880 1042 2888 —
1072 2846 1160 2900 42.
1220 2848 1374 2903 Paul.
1423 2848 1574 2899 Diae.
1629 2846 1691 2897 L.
1725 2842 1807 2897 15.
1863 2845 1968 2895 Ni-

415 2921 571 2991 ceph.
625 2921 688 2974 L.
739 2918 824 2974 14.
878 2938 923 2971 c.
981 2918 1065 2971 57.
1117 2919 1310 2972 Baron.
1367 2917 1433 2968 ad
1485 2935 1578 2971 an.
1632 2912 1751 2967 451.
1803 2934 1859 2969 n.
1915 2915 1965 2967 5.

418 3009 570 3074 seqq.
624 2989 693 3060 b)
752 2991 1041 3044 Puteanus,
1093 2989 1152 3042 in
1202 2990 1343 3042 Hist.
1404 2986 1685 3042 Barbaror.
1739 2987 1967 3057 Procop.

418 3067 480 3119 L.
520 3061 570 3113 ὂ.
607 3059 674 3112 de
713 3059 841 3111 bell.
888 3060 1058 3111 Vand-
