2097 3726
615 112 895 168 Romano
940 108 1287 171 Grcoeeanzl,
1579 109 1616 168 5
1629 127 1652 167 1
1669 111 1701 167 5

106 282 212 343 sed
270 286 590 344 Romanus
644 306 793 344 mox
836 304 1020 342 omne
1069 282 1349 360 regimen
1392 287 1573 344 uxori
1608 287 1800 369 eripi-

105 393 248 445 enS‚
295 386 509 434 contra
548 375 781 432 Turcas
836 369 1301 453 expeditionem
1348 376 1654 456 suscepit,
1686 377 1799 456 qui

105 462 283 519 initio
319 464 382 520 in
428 463 608 542 Syria
649 460 801 521 felix
844 458 1066 517 multas
1105 461 1391 538 regiones
1439 476 1797 544 occupavit,

101 547 351 609 demum
403 550 482 609 ab
534 551 606 609 iis
674 551 876 607 victus
905 593 924 621 ,
971 559 1036 606 et
1080 547 1431 604 Andronici
1491 551 1800 632 proditio-

98 657 179 697 ne
239 649 454 720 captus
494 683 510 711 ,
575 658 611 695 a
671 636 934 695 Sultano
992 636 1219 693 Azcme
1279 635 1486 696 viliter
1549 635 1796 698 habitus

98 724 328 784 collum
385 724 518 806 ejus
576 724 736 808 pede
796 721 1263 798 conculcando,
1312 727 1498 784 certis
1545 725 1797 786 demum

98 811 560 873 conditionibus
613 811 892 873 dimissus
939 826 1045 872 est.
1113 812 1377 871 Interim
1426 814 1488 871 in
1523 812 1653 896 ejus
1688 815 1800 873 ab·-

99 903 293 959 sentia
347 901 611 962 Senatus
666 899 867 962 filium
923 899 1055 983 ejus
1118 902 1497 959 Miclzccelem
1544 906 1801 963 Ducam

97 988 549 1073 Imperatorem
593 991 1022 1062 renunciavit,
1069 991 1183 1071 qui
1238 990 1686 1071 ingratissimus
1725 989 1799 1050 fi-

91 1075 248 1151 lius,
296 1090 542 1160 patrem
597 1101 631 1138 e
680 1079 1043 1161 captivitate
1097 1074 1434 1153 reducem,
1482 1101 1598 1162 per
1651 1082 1799 1138 An-

93 1168 413 1225 dronicum
457 1166 681 1228 ducem
719 1165 912 1227 oculis
958 1167 1196 1248 privari
1233 1162 1443 1247 jussit,
1489 1180 1552 1227 et
1597 1190 1799 1250 quum

89 1273 168 1311 ex
217 1255 498 1337 neglecta
541 1278 697 1315 cura
738 1275 986 1315 vermes
1036 1257 1100 1312 in
1145 1254 1379 1314 effossis
1426 1255 1615 1316 oculis
1655 1277 1792 1316 cre-

89 1357 368 1417 scerent,
415 1367 495 1405 ex.
545 1345 739 1405 nimio
786 1342 1044 1418 dolore,
1100 1345 1156 1402 4.
1205 1345 1383 1425 regni
1419 1365 1582 1405 anno
1623 1365 1794 1406 mor-

90 1442 232 1489 tuus
289 1445 395 1491 est.
446 1432 514 1511 a)

221 1521 511 1580 Michael
552 1525 815 1594 DucaS,
862 1540 956 1577 an.
1014 1520 1199 1579 1071.
1246 1519 1611 1594 succedenS‚
1641 1542 1792 1581 mox

87 1605 304 1666 infelix
355 1610 693 1693 imperium
732 1608 1008 1691 experiri
1051 1607 1426 1689 cogebatur,
1459 1630 1604 1666 nam
1643 1606 1794 1666 dum

83 1697 294 1754 omnia
343 1719 459 1780 per
515 1694 847 1759 Eunuchos
923 1709 1171 1776 ageret,
1218 1697 1612 1772 Nicephoras
1661 1699 1794 1755 Bo-

84 1787 359 1842 toniates
430 1788 494 1846 in
574 1786 722 1845 Asia
753 1831 768 1860 ,
833 1785 1228 1859 Nicephorius
1307 1787 1656 1843 Britannias
1721 1789 1794 1844 in

82 1869 346 1932 Thracia
393 1876 730 1958 imperium
770 1875 1215 1955 arripuerunt,
1251 1875 1377 1933 imo
1426 1896 1623 1957 quum
1652 1874 1793 1934 nul-

77 1959 204 2020 lam
251 1963 498 2046 imperii
546 1985 758 2022 curam
798 1959 1093 2033 haberet,
1139 1964 1425 2044 permisit
1469 1966 1535 2021 in
1583 1964 1794 2024 orien-

82 2063 144 2109 te
217 2051 453 2111 Turcas
529 2052 736 2111 omnia
798 2050 874 2110 ad
937 2048 1210 2108 lubitum
1260 2050 1610 2134 dirripere,
1648 2069 1792 2135 'quo

83 2139 149 2197 in
205 2150 370 2198 statu
421 2140 608 2198 etiam
662 2139 955 2220 Hungari
1020 2141 1274 2221 Imperii
1342 2137 1491 2199 fines
1540 2137 1793 2200 infesta-

83 2239 235 2284 runt
283 2225 438 2288 adeo
470 2250 481 2285 :
528 2242 599 2286 ut
649 2226 728 2285 ad
765 2225 1173 2308 Belegradum
1207 2241 1413 2287 totum
1445 2232 1792 2288 exercitum

80 2312 470 2375 Graecorum
510 2313 667 2373 duce
713 2318 962 2389 Nyceta
1005 2335 1148 2373 cum
1197 2316 1485 2376 omnibus
1533 2316 1787 2400 praedis

75 2404 544 2485 occupaverint.
567 2400 687 2462 Sed
713 2415 917 2462 tamen
944 2401 1390 2483 Hungarorum
1409 2403 1540 2463 dux
1575 2409 1789 2482 Geysa

77 2486 459 2551 humanitate
539 2489 831 2549 rationali
893 2488 1111 2548 ductus
1155 2535 1170 2564 ,
1235 2511 1449 2552 omnes
1506 2496 1787 2576 captivos

84 2580 218 2640 sine
276 2577 565 2639 mercede
616 2579 922 2655 restituit,
959 2599 1157 2660 quare
1200 2580 1384 2638 etiam
1442 2583 1789 2665 Imperator

1558 2672 1700 2726 Ba-

155 2875 232 2950 a)
270 2878 640 2949 CuropalateS.
681 2878 962 2935 Constant,
995 2879 1260 2933 Mona-ees.
1282 2878 1535 2929 ZonaraS.
1570 2874 1783 2946 GlymS.

230 2951 568 3001 contrarium
605 2960 788 3000 tamen
826 2949 882 3000 1¹11
924 2948 1195 3020 aliquibus
1229 2947 1363 3000 dicit
1404 2945 1576 3002 foilh.
1612 2947 1786 3018 Tyri-

229 3034 308 3069 us.
347 3018 501 3091 L.·1.
541 3039 585 3073 e.
625 3018 674 3071 9.
709 3035 858 3089 seqq.
