2097 3726
435 207 465 222 1-

397 209 509 272 138
835 204 1439 262 IIistoria

293 381 417 442 his:
489 381 537 438 si
592 379 686 438 vis
734 375 1051 439 Tribunus
1090 403 1255 456 esse,
1315 383 1440 441 imo
1492 385 1540 441 si
1600 386 1689 443 vis
1726 387 1984 458 vivere,

290 489 505 529 manus
543 466 813 525 militum
854 472 1116 530 contine.
1180 471 1377 530 Nemo
1422 471 1660 554 pullum
1713 473 1987 532 alienum

286 561 520 640 rapiat,
593 577 774 615 ovem
836 579 1018 618 nemo
1080 563 1437 641 contingat,
1504 564 1717 620 vinum
1778 561 1989 620 nullus

287 645 563 716 auferat,
628 657 894 725 segetem
945 669 1126 707 nemo
1172 647 1485 724 detrahat,
1557 650 1795 725 oleum,
1834 649 1989 718 sal,

286 734 525 815 lignum
569 755 746 792 nemo
792 736 1036 818 exigat,
1087 759 1331 795 annona
1369 760 1476 796 sua
1520 753 1851 798 contentus
1887 741 1985 797 sit.

285 824 379 882 De
415 820 635 905 praeda
692 820 911 897 hostiS,
976 845 1101 882 non
1142 824 1219 885 de
1258 824 1587 906 lachrymis
1631 829 1991 910 provincia-

284 911 436 970 lium
478 909 722 970 habeat:
781 911 969 970 Arma
1004 926 1163 971 tersa
1201 916 1357 987 sint,
1405 915 1819 975 calceamenta
1853 914 1997 973 for-

284 1003 407 1074 tia,
456 1003 641 1058 vestis
693 1022 852 1057 nova
896 1013 1128 1060 vestem
1169 1015 1446 1064 veterem
1492 1004 1802 1065 excludat.
1856 1003 1990 1061 Sti-

281 1088 577 1171 pendium
630 1091 693 1145 in
761 1087 1042 1160 baltheo,
1132 1112 1256 1148 non
1313 1094 1375 1150 in
1432 1097 1666 1176 popina
1723 1092 1988 1166 habeat,

281 1190 574 1258 torquem
601 1176 976 1237 brachialem
1004 1191 1066 1236 et
1088 1177 1389 1238 annulum
1411 1196 1701 1264 apponat.
1737 1182 1987 1261 Equum
2068 1218 2073 1219 ν

276 1267 653 1347 saginarium
701 1288 880 1325 suum
928 1265 1220 1337 defricet,
1295 1284 1546 1350 captum
1594 1268 1822 1327 animal
1859 1291 1987 1326 non

279 1351 544 1428 vendat,
591 1354 830 1412 mulum
868 1357 1288 1415 centuriatum
1326 1360 1588 1416 comiter
1637 1370 1850 1428 curet,
1899 1355 1989 1413 al-

280 1454 376 1502 ter
413 1442 625 1517 alteri,
690 1447 863 1525 quasi
911 1466 1124 1503 servus
1177 1444 1595 1527 obsequatur,
1657 1469 1690 1503 a
1727 1443 1984 1505 Medicis
2032 1495 2037 1501 .

279 1533 468 1612 gratis
512 1548 853 1608 curentur,
919 1531 1419 1615 haruspicinibus
1472 1533 1629 1591 nihil
1685 1533 1868 1608 dent3
1918 1535 1981 1591 in

281 1618 565 1702 hospitiis
613 1634 771 1680 caste
809 1643 873 1680 se
915 1636 1125 1703 agant:
1194 1624 1302 1702 qui
1348 1622 1520 1682 litem
1560 1621 1815 1699 fecerit,
1876 1644 1984 1678 va·-

285 1707 474 1790 pulet.
560 1708 646 1786 a)
710 1709 922 1791 Atque
962 1709 1066 1767 tali
1101 1706 1423 1791 disciplina
1460 1715 1826 1771 instructam
1877 1707 1986 1766 ha-

285 1798 435 1856 hens
473 1796 796 1872 militiam,
863 1796 1040 1857 facile
1077 1795 1277 1857 hostes
1320 1802 1721 1881 propulsare,
1788 1801 1986 1878 impe-

285 1888 576 1964 riumque
616 1901 964 1945 restaurare
1001 1900 1277 1968 poterat,
1325 1891 1410 1945 sic
1449 1887 1725 1970 tripplici
1768 1885 1985 1944 decre—

288 1976 451 2033 torio
500 1974 735 2055 praelio
786 1973 861 2033 ad
910 1977 1333 2049 Placentiam,
1379 1975 1454 2034 ad
1510 1981 1756 2034 Fanum
1797 1989 1856 2033 et
1905 1973 1982 2031 ad

297 2065 574 2120 Ticinum
626 2063 965 2145 profligatis
1018 2063 1239 2122 Gothis
1265 2107 1280 2135 ,
1327 2065 1566 2123 Italiam
1606 2087 1639 2120 a
1680 2063 1984 2121 barbaro-

287 2174 432 2210 rum
473 2148 689 2211 furore
723 2155 1010 2211 servavit.
1061 2153 1142 2232 b)
1191 2153 1263 2209 In
1300 2153 1496 2212 Gallia
1552 2155 1861 2210 Tetricam
1908 2149 1985 2207 ad

288 2238 660 2298 deditionem
689 2244 924 2321 coegit3
969 2243 1299 2297 Zenobiam
1323 2264 1474 2302 vero
1510 2242 1987 2301 celeberrimam

289 2327 453 2386 illam
506 2329 760 2386 orientis
822 2331 1190 2403 Dominam,
1269 2351 1432 2410 quae
1506 2335 1782 2388 Odenato
1847 2330 1985 2386 viro

289 2438 397 2475 suo
439 2417 672 2491 occiso,
714 2420 1021 2477 orientem
1058 2439 1396 2500 occupanS,
1453 2422 1682 2477 invicta
1725 2416 1986 2476 haecus-

288 2526 409 2585 que
458 2502 694 2576 fuerat,
763 2520 1004 2588 captam
1068 2509 1130 2564 in
1196 2506 1586 2591 triumphum
1650 2508 1720 2584 c)
1788 2505 1983 2562 duxit.

293 2593 537 2651 Urbem
582 2615 798 2676 campo
851 2595 1082 2654 Martio
1134 2594 1413 2668 incluso,
1498 2595 1823 2666 moenibus
1874 2614 1987 2650 no-

292 2683 386 2740 vis
423 2682 624 2764 sepsit.
675 2683 804 2741 Sub
844 2704 916 2742 eo
955 2683 1236 2744 Sericum
1275 2687 1340 2742 in
1387 2686 1597 2744 Asiam
1638 2697 1699 2742 et
1743 2682 1852 2739 alia
1895 2677 1986 2737 lo-

1831 2790 1901 2825 ca

362 2947 436 3008 a)
479 2942 768 3013 Vopiscus,
809 2945 862 2994 in
902 2943 1177 3000 Aurelian.
1217 2963 1266 2999 c.
1305 2941 1541 2995 3.—41.
1595 2940 1664 3010 b)
1706 2939 1984 2993 Aureliani

432 3012 603 3064 vitam
665 3013 880 3083 scripsit
935 3014 1218 3082 Vopiscus.
1276 3013 1437 3066 Unde
1493 3013 1759 3065 Zosimus.
1820 3014 1880 3065 L.
1937 3010 1984 3062 1.

432 3084 666 3155 Eutrop.
704 3085 767 3138 L.
800 3084 852 3140 9,
891 3082 957 3155 c)
1002 3086 1276 3157 Vopiscus·
1318 3099 1369 3135 c,
1401 3079 1484 3135 32.
1518 3099 1670 3153 seqq.
