2097 3726
432 300 552 360 146
877 303 1479 360 Historia

324 475 701 536 floruerunt:
835 480 1154 537 Cornelius
1256 481 1554 552 TacituS,
1636 480 2025 554 Historiam,

326 565 573 649 scripsit
648 566 915 625 Librum
1000 567 1075 627 de
1165 569 1448 627 moribus
1529 569 2022 628 Germanorum:

326 651 455 733 ejus
492 653 774 714 Annales
807 668 950 713 sunt
986 654 1207 714 mutili.
1279 659 1514 716 Plinius
1553 658 1776 714 Junior
1812 659 2026 716 Novo-

326 745 668 817 comensis,
719 765 880 801 anno
937 765 1069 809 100.
1108 742 1268 801 dixit
1307 746 1690 826 Panegyrin:
1753 759 1814 805 et
1874 750 2028 803 scri-

324 832 447 914 psit
477 831 773 913 Epistulas
809 830 885 890 de
921 832 1198 891 moribus
1221 832 1715 891 Christianorum
1757 832 1831 891 ad
1866 837 2027 890 'l'ra-

312 923 545 993 janum
584 922 738 1002 Imp,
790 923 1067 998 Phlegon
1121 920 1454 980 Trallensls
1509 920 1578 979 L.
1645 921 1737 978 16.
1816 923 2028 981 Histo-

326 1009 485 1066 riam
525 1006 980 1090 Olympiadum.
1026 1007 1205 1067 Libri
1255 1031 1407 1069 vero
1454 1008 1529 1069 de
1573 1009 1765 1068 Fastis
1794 1010 2028 1067 Roma-

327 1118 554 1155 norum
600 1099 946 1178 perierunt,
1012 1099 1341 1172 Epictetus
1400 1094 1632 1170 Phrix,
1707 1097 2028 1156 Professor

321 1181 755 1265 Philosophiae
801 1187 1071 1257 Romae,
1129 1199 1343 1243 auctor
1388 1182 1751 1243 Enchiridii.
1820 1187 2018 1242 Astri-

325 1295 484 1330 anus
523 1269 933 1354 Philosophus
958 1273 1027 1333 L.
1065 1276 1119 1337 4,
1151 1271 1229 1332 de
1259 1274 1522 1356 Epicteti
1560 1273 2028 1333 Dissertationi—

327 1361 474 1436 bus,
538 1377 600 1420 et
650 1363 995 1421 Historiam
1050 1359 1375 1442 Bithyniae
1418 1362 1653 1442 patriae
1693 1384 1867 1432 suae,
1928 1384 2030 1420 us-

325 1473 447 1533 que
494 1449 572 1508 ad
615 1453 960 1510 Nicomedis
1006 1463 1305 1532 tempora.
1365 1451 1747 1507 Plutarchus
1795 1448 2030 1509 Chero-

325 1540 529 1598 nensis
557 1584 570 1609 ,
608 1541 1003 1610 'HistoricuS,
1049 1536 1457 1621 Philosophus
1496 1552 1558 1596 et
1593 1552 1807 1597 orator
1831 1584 1846 1608 ,
1898 1539 2028 1597 Ro-

323 1650 459 1687 mae
495 1625 740 1697 docuit,
783 1641 846 1686 et
881 1629 1131 1708 scripsit
1172 1629 1328 1686 vitas
1374 1629 1660 1685 virorum
1695 1625 1858 1709 apud
1900 1627 2027 1685 Ro„

329 1737 541 1775 manos
582 1731 645 1775 et
697 1717 967 1774 Graecos
1019 1715 1375 1780 illustrium,
1445 1718 1771 1773 Suetonius
1830 1717 2030 1771 Tran-

328 1807 592 1882 quilluS,
654 1801 848 1863 edidit
891 1805 1048 1861 vitas
1110 1823 1202 1868 12.
1258 1805 1610 1885 primorum
1659 1805 1978 1862 Caesarum
2012 1848 2028 1876 ,

326 1895 478 1953 item
520 1891 711 1951 libros
761 1889 839 1950 de
888 1891 1322 1949 Grammaticis
1376 1890 1721 1949 illustribus
1762 1913 1831 1948 ac
1873 1892 2029 1948 Poe-

330 1983 445 2054 tis,
513 1979 589 2040 de
641 1978 833 2039 Ludis
889 1980 1296 2038 Graecorum.
1380 1980 1681 2036 Annaeus
1749 1983 2027 2049 Florus,

324 2068 540 2128 Libris
582 2071 638 2128 4.
673 2069 1003 2151 Epitomen
1044 2089 1259 2127 rerum
1292 2068 1736 2125 Romanarum.
1785 2068 2030 2123 Aristi-

322 2161 440 2215 cles
479 2171 727 2226 orator,
789 2159 1101 2216 orationes
1142 2154 1421 2236 reliquit.
1485 2156 1714 2213 Libros
1755 2157 2033 2231 Sybc’lla-

326 2268 469 2304 rum
512 2247 798 2305 menimit
841 2248 1166 2303 Baronius
1215 2243 1291 2302 ab
1336 2265 1430 2301 an.
1476 2240 1583 2301 Ch.
1633 2245 1747 2302 158
1775 2280 1860 2287 —-
1889 2242 2030 2301 161.

327 2337 621 2393 Justinus
683 2333 1067 2407 Historicus,
1145 2330 1397 2412 collegit
1477 2334 1671 2408 Trogi
1751 2333 2031 2407 Pompeji

323 2425 552 2504 scripta
613 2424 674 2480 in
743 2422 1089 2504 Epitomen‚
1163 2421 1501 2496 Appianas
1561 2419 2030 2478 Alexandrinus

320 2512 668 2570 Historicus
726 2509 1034 2584 Graecus,
1094 2506 1283 2569 habet
1332 2507 1468 2567 Lib.
1533 2509 1629 2567 24.
1685 2508 2030 2567 Historiam

323 2600 710 2672 Romanam,
781 2599 859 2657 ab
920 2600 1139 2655 Aenea
1187 2596 1264 2655 ad
1319 2595 1704 2669 Romulum,
1756 2595 1901 2656 inde
1953 2593 2030 2653 ad

323 2688 701 2766 Augustum,
805 2689 1103 2745 Claudius
1188 2688 1581 2744 Ptolomaeus
1666 2683 2030 2766 Aegyptius,

323 2775 462 2835 Lib.
521 2779 574 2835 8.
623 2774 700 2834 de
749 2773 1167 2856 Geographia.
1222 2773 1471 2833 Libros.
1529 2773 1624 2831 15.
1672 2772 2031 2854 Almagesti.

321 2864 552 2924 Libros
598 2867 654 2923 4.
683 2861 760 2923 de
793 2863 1053 2922 Judiciis
1088 2862 1511 2943 AstrologiciS.
1555 2862 1849 2918 Crescens
1886 2858 2032 2919 Phi-

317 2950 610 3035 losophus
661 2949 920 3010 Atheus.
975 2954 1403 3027 Hermogenes
1448 2950 1808 3024 Tarsensis,
1861 2946 2029 3006 Rhe-

318 3042 573 3099 toricam
635 3055 697 3099 et
760 3039 998 3099 librum
1063 3038 1141 3098 de
1206 3037 1365 3098 Ideis
1417 3034 1626 3095 edidit.
1696 3039 2027 3094 Maximus

314 3126 559 3206 Tyrius.
617 3131 856 3188 Lucius
912 3129 1228 3204 Apulejus
1275 3122 1462 3198 Aser,
1529 3123 1762 3185 Libros
1823 3140 2027 3185 meta-

1742 3236 1913 3274 mor-
