2097 3726
14 1486 23 1510 -s-

641 213 768 269 His
777 210 943 267 toria
987 206 1380 267 Hunnorum.
1639 226 1672 264 2
1684 227 1714 266 2
1726 229 1764 291 9

148 411 405 471 operam
460 387 753 448 adversus
797 387 1156 445 Maximum
1196 398 1260 446 et
1309 387 1661 464 Eugenium
1715 386 1853 467 Ty·-

153 499 380 535 munos
442 485 785 548 navarunt,
853 496 1278 557 magnumque
1321 496 1390 534 ac
1448 472 1849 536 formidabile

150 567 496 650 lmperium
528 570 591 624 in
632 565 954 625 Pannonia
999 561 1360 629 fundarunt,
1408 562 1498 641 a)

328 657 548 713 Status
585 656 917 728 Politia-us,
965 654 1203 710 Forma
1236 655 1593 731 regimini-9,
1641 675 1717 711 ac
1755 675 1855 712 re-

146 745 432 818 ligioni3‚
520 747 670 801 item
730 744 890 801 bella
955 743 1335 802 Hunnorum
1397 752 1544 802 ante
1612 744 1857 801 Attilae

147 834 602 892 stlouurcliiam.
666 832 885 891 Hunni
923 856 955 891 a
995 852 1106 890 suo
1158 832 1223 890 in
1268 832 1586 914 Europam
1625 829 1861 892 adven-

149 934 217 978 tu
285 921 448 982 inter
513 921 726 1004 plures
787 942 964 1003 reges
1019 934 1200 981 erant
1257 917 1484 994 divisi,
1577 940 1853 1004 quorum

148 1030 305 1068 unus
352 1009 591 1070 honore
635 1022 696 1070 et
742 1011 1119 1070 auctoritate
1176 1006 1568 1092 praestabat3
1630 1030 1857 1068 verum

150 1097 224 1156 ad
259 1112 515 1158 externa
553 1099 714 1159 bella
749 1097 1138 1183 suscipienda
1175 1112 1282 1157 aut
1318 1093 1588 1182 gerenda
1621 1098 1861 1156 nemini

152 1185 531 1268 collegarum
597 1188 727 1270 ejus
797 1209 1042 1248 assensu
1113 1187 1298 1248 fuisse
1364 1207 1524 1268 opus
1591 1184 1860 1246 videtur.

149 1276 241 1334 Ex
285 1277 356 1335 iis
405 1281 643 1360 primus
686 1280 974 1336 Bau'miz·
1014 1297 1227 1359 regem
1272 1272 1630 1336 Gothorum
1679 1277 1753 1334 V
1745 1277 1865 1333 ini-

153 1367 396 1422 surium
449 1365 868 1427 defectionem
931 1365 1326 1440 molientem,
1396 1362 1564 1425 bello
1624 1365 1861 1425 victum

152 1455 398 1513 occidit.
491 1457 638 1514 Post
690 1452 854 1514 hunc
917 1456 1238 1513 Char-aton
1291 1465 1715 1525 memoratur,
1777 1453 1860 1531 b)

151 1542 267 1600 sub
319 1565 447 1625 quo
487 1544 707 1603 Hunni
752 1546 917 1602 circa
960 1566 1055 1601 an.
1097 1543 1240 1624 597.
1282 1565 1314 1602 a
1348 1540 1652 1623 religione
1683 1537 1868 1600 Chri-

152 1634 383 1706 stiana,
462 1655 650 1715 quam
717 1634 923 1714 prima
970 1633 1109 1690 vice
1164 1631 1243 1705 c)
1307 1652 1423 1715 per
1478 1631 1866 1689 Theotimum

150 1719 446 1802 Scytham
479 1734 912 1804 susceperant,
961 1720 1230 1802 gloriam
1262 1715 1428 1804 apud
1465 1731 1681 1801 gentes
1717 1740 1868 1779 con-

151 1812 343 1868 secuti
389 1824 547 1869 sunt.
610 1812 955 1869 Clzorutoszi
992 1810 1282 1869 successit
1329 1811 1626 1882 Uldinus,
1676 1831 1867 1892 quem

152 1898 436 1957 nonnulli
494 1913 634 1983 post
696 1901 989 1973 Beuum,
1076 1898 1316 1958 Ducem
1385 1909 1630 1957 tantum
1683 1898 1872 1977 fuisse

153 1985 577 2064 contendunt3
653 2003 744 2048 ast
793 1989 977 2049 fuisse
1031 1987 1306 2070 Regem,
1385 1985 1873 2073 praebuisseque

158 2099 300 2137 eum
337 2080 650 2160 egregiam
690 2100 948 2162 operam
982 2079 1262 2136 Arcadio
1299 2076 1676 2159 Imperatori
1718 2098 1838 2139 con

163 2180 258 2222 tra
303 2168 571 2225 Gczitzum
624 2166 886 2239 ducem,
948 2180 1118 2250 patet
1167 2188 1245 2224 ex
1298 2162 1424 2226 his:
1487 2165 1575 2244 cl)
1631 2169 1873 2230 Gainas

166 2257 400 2312 IIulclis
425 2259 806 2314 IIunuorum
843 2259 1038 2335 Regis
1074 2257 1333 2314 auxiliis
1357 2257 1558 2312 victus
1577 2257 1640 2313 in
1669 2260 1874 2318 Thra-

168 2345 267 2399 cia
306 2355 566 2400 mortem
623 2346 887 2420 oppetiit
913 2390 928 2417 ‚
994 2369 1088 2402 an.
1133 2345 1278 2403 400.
1319 2341 1498 2427 cujus
1542 2343 1733 2406 Gothi
1768 2370 1869 2409 ca-

168 2445 279 2513 put
314 2445 698 2511 amputatum
753 2433 1032 2491 Arcadio
1060 2435 1214 2513 Imp.
1263 2434 1870 2521 Constantinopolim

171 2521 353 2579 misit.
391 2520 692 2578 Similiter
715 2531 776 2578 et
804 2521 1109 2580 Stillicotzi
1139 2520 1201 2577 in
1235 2521 1408 2580 Italia
1440 2534 1659 2581 contra
1691 2530 1876 2588 Rha..

1458 2614 1792 2690 dugaisum

244 2786 312 2845 a)
356 2781 681 2836 Mummius,
732 2778 991 2832 Tabulae.
1046 2779 1250 2832 Chron.
1302 2798 1356 2850 p.
1412 2781 1530 2835 250.
1589 2782 1658 2856 h)
1716 2789 1880 2851 Prav.

314 2870 382 2903 ex
445 2851 865 2923 Olympiodoro.
941 2850 1136 2902 Annal.
1193 2852 1250 2902 P.
1302 2853 1340 2904 Ι.
1395 2870 1446 2921 p.
1495 2850 1583 2911 80.
1639 2875 1748 2930 seq.
1807 2852 1875 2928 ὅ)

314 2923 620 2975 HanzisiuS.
669 2921 738 2976 Τ.
793 2921 844 2975 6.
887 2920 1071 2971 Germ.
1121 2922 1330 2974 Sacrae.
1368 2922 1698 2985 MusantiuS.
1737 2932 1878 2995 Tah,

315 2993 522 3050 Chi-on.
553 3013 607 3064 p.
650 2990 771 3045 467.
829 2993 900 3056 cl)
954 2992 1157 3042 Zosim.
1205 2993 1271 3048 L.
1305 2992 1354 3045 5.
1409 3011 1455 3044 c.
1502 2993 1586 3049 18.
1625 3016 1741 3072 seq⁶
1775 3007 1880 3058 So..

320 3073 449 3116 crat.
495 3065 559 3120 L.
591 3064 641 3119 6.
692 3081 737 3115 e.
776 3062 827 3117 6.
868 3062 1078 3113 Sozem.
1124 3061 1187 3112 L.
1224 3059 1274 3113 8.
1328 3081 1375 3119 c.
1409 3063 1457 3117 4.
1508 3065 1710 3125 chron.
1749 3074 1884 3132 Ale-

319 3134 574 3191 xandrin.
605 3144 657 3187 et
693 3132 1003 3188 Marcellus.
1041 3130 1107 3185 ad
1139 3149 1227 3183 an.
1262 3130 1380 3187 400.
