2097 3726
494 246 1284 302 Romanor-am.
1565 237 1653 324 69

224 419 334 486 III,
387 421 576 478 Civile
616 419 865 476 Bellum
909 415 1072 476 inter
1116 415 1512 478 Triumviros
1548 416 1748 475 Anto-

48 514 252 582 niam,
291 512 597 585 Lepidam
622 519 684 566 et
723 508 1057 563 Octavium
1110 507 1442 563 Caesarem
1465 552 1479 580 ,
1518 506 1583 564 in
1621 527 1750 589 quo

60 600 361 658 Octavius
406 618 611 679 pugna
650 597 928 653 Actiaca
952 636 968 665 ,
1015 591 1299 677 adempta
1338 594 1578 677 Populo
1621 595 1752 652 Ro„

51 708 237 745 mano
273 684 599 743 liberatate
660 679 1087 741 Monarchiam
1124 684 1473 757 Romanam.
1520 681 1753 741 funda-

50 777 168 835 vit.
215 772 406 853 Cujus
445 771 594 831 belli
636 772 874 830 occasio
910 770 1027 828 fuit
1071 772 1163 829 M.
1198 773 1501 828 Antonias
1527 815 1542 845 ,
1589 772 1754 830 Con-

52 863 180 937 sul,
247 863 358 944 qui
401 868 466 923 in
512 859 732 919 funere
788 861 1083 917 Caesaris
1131 856 1419 918 seditiosa
1463 880 1570 918 sua
1605 879 1754 918 con-

53 953 235 1011 cione
270 947 422 1011 adeo
468 946 772 1033 populum
810 948 1148 1006 concitavit
1201 949 1266 1005 in
1310 950 1552 1007 Patriae
1591 946 1754 1006 libe-

56 1052 294 1098 ratores
314 1083 333 1114 ‚·
389 1051 459 1096 ut
500 1038 785 1097 omnium
825 1038 1060 1095 civium
1102 1035 1358 1096 aedibus
1403 1049 1464 1096 et
1504 1034 1756 1096 faculta-

57 1127 222 1185 tibus
274 1124 514 1185 ferrum
568 1146 639 1184 ac
696 1123 856 1185 faces
911 1127 1281 1185 intentaret:
1358 1126 1485 1184 imo
1534 1123 1758 1185 sedatis

57 1214 237 1274 brevi
276 1213 677 1286 tumultibus,
713 1215 905 1297 ipsam
942 1213 1329 1273 Dictaturam
1362 1211 1720 1295 abrogando
1743 1257 1761 1287 ‚

57 1304 506 1386 corruptisque
552 1306 847 1362 Caesaris
885 1303 1033 1362 actis
1061 1346 1077 1376 ,
1125 1304 1335 1361 omnia
1377 1323 1492 1383 per
1527 1304 1656 1361 vim
1698 1313 1761 1360 et

60 1390 456 1473 tyrannidem
499 1391 708 1451 moliri
740 1392 983 1475 coepit:
1031 1390 1193 1451 Nam
1217 1392 1511 1450 Senatum
1547 1390 1762 1448 Armis

59 1481 411 1563 oppressit,
476 1479 742 1541 nefarias
774 1480 938 1561 leges
985 1478 1062 1539 de
1110 1480 1576 1561 permutatione
1616 1497 1764 1560 pro-

62 1571 414 1627 vinciarum
472 1590 586 1652 per
646 1569 779 1626 vim
837 1567 1014 1641 tulit,
1084 1567 1351 1625 Galliam
1406 1565 1767 1649 cisalpinam

63 1657 303 1717 invasit.
371 1657 510 1726 Quo
560 1670 844 1739 tempore
898 1658 1200 1718 Octavius
1245 1657 1486 1713 Caesar
1527 1675 1605 1714 ex
1650 1668 1768 1713 tes-

63 1758 340 1804 tamento
386 1743 544 1802 salii
595 1747 887 1802 Caesaris
940 1742 1266 1827 adoptatus
1323 1756 1387 1803 et
1431 1741 1645 1804 haeres
1679 1740 1773 1800 fa·

64 1845 234 1906 ctus,
298 1854 331 1892 e
377 1832 639 1893 Graecia
680 1831 918 1907 redux,
966 1829 1200 1915 populo
1242 1831 1367 1891 sibi
1413 1832 1607 1891 variis
1645 1829 1769 1889 lar-

64 1920 404 2003 gitionibus
451 1920 816 1997 conciliato,
897 1922 988 2001 a)
1061 1941 1211 1983 mox
1279 1923 1370 1985 M,
1424 1921 1772 1979 Antoniam

66 2008 386 2083 thesauros
448 2011 738 2069 Caesaris
781 2005 1009 2094 injuste
1055 2008 1478 2085 detinentem,
1563 2021 1774 2067 aucto-

69 2121 141 2159 re
189 2101 509 2174 anemae,
568 2096 736 2183 jussu
777 2099 1039 2159 Senatus
1078 2097 1244 2159 bello
1287 2097 1773 2181 aggrediebatur

71 2189 298 2245 Hirtio
346 2199 410 2248 et
442 2190 658 2248 Pansa
700 2186 1111 2262 Consulibus,
1159 2189 1269 2270 qui
1308 2189 1657 2248 exercitum
1692 2183 1773 2244 ad

72 2278 396 2334 stlatinam
433 2274 847 2352 deducentes,
910 2275 1149 2336 collatis
1197 2297 1342 2336 cum
1373 2278 1654 2335 Antonio
1692 2274 1776 2334 si-

74 2364 243 2446 gnis,
288 2363 432 2423 licet
473 2366 865 2447 praetoriani,
906 2365 1133 2425 milites
1180 2365 1665 2438 occumberent,
1712 2374 1777 2422 et

75 2452 262 2511 ambo
296 2452 590 2514 Consules
624 2452 916 2512 trucidati
952 2466 1183 2527 essent,
1233 2467 1435 2525 tamen
1470 2454 1775 2510 Antonius

75 2541 309 2613 victus,
373 2541 447 2620 b)
509 2551 681 2599 trans
730 2539 920 2623 Alpes
955 2562 1017 2600 se
1053 2539 1129 2599 ad
1169 2540 1481 2625 Lepidum
1515 2540 1772 2622 recepit.

77 2629 219 2700 Quo
257 2628 417 2688 facto
460 2632 569 2688 uni
611 2629 873 2690 Octavio
911 2641 1036 2688 tres
1070 2630 1506 2688 Romanorum
1535 2629 1777 2689 exerci-

77 2731 177 2778 tus
210 2730 594 2802 paruerunt,
661 2715 893 2800 quibus
933 2715 1199 2777 Romam
1237 2716 1519 2778 adductis
1542 2760 1560 2789 ,
1622 2736 1773 2775 mox

358 2860 404 2881 y-
1506 2808 1696 2863 Octa-

153 2934 231 3000 ᾳ)
270 2931 392 2989 Liv.
421 2931 485 2987 L.
528 2927 644 2983 117.
679 2927 966 2980 Svetonius
999 2927 1056 2979 in
1086 2926 1198 2978 vita
1235 2925 1465 2979 Octavii.
1507 2945 1550 2978 e.
1581 2926 1631 2982 ὅ.
1671 2945 1785 3002 seq.

223 3002 362 3054 vell.
399 3003 463 3057 L.
500 3001 554 3056 2.
597 3000 825 3070 Appiam.
859 2998 924 3049 de
956 2998 1078 3049 bell.
1112 2996 1271 3050 Civil.
1306 2997 1368 3048 L.
1407 2997 1457 3052 3.
1483 3014 1593 3067 seq-
1630 2997 1776 3054 Flor.

222 3072 289 3126 L.
335 3073 384 3125 4.
432 3092 478 3124 c.
529 3070 581 3126 3.
633 3072 698 3135 b)
755 3068 1028 3122 Plutarch.
1081 3068 1134 3118 iu
1186 3067 1442 3118 Antonia).
1486 3067 1775 3137 Cicerone,

226 3142 412 3198 Bruto.
452 3143 596 3195 Flor.
638 3143 699 3195 L.
741 3141 789 3192 4.
837 3160 882 3196 c.
920 3138 968 3191 4.
1010 3138 1127 3191 Dio.
1168 3138 1311 3190 Cass.
1356 3136 1415 3189 L.
1458 3134 1541 3190 43.
