2097 3726
343 229 423 290 60
790 225 1394 283 Historia

249 424 417 476 rem,
462 399 744 482 aliosque
781 401 997 477 Syllae
1034 401 1264 461 amicos
1299 398 1711 477 obtruncanS,
1758 402 1951 485 septi-

246 513 420 551 mum
465 487 875 548 Consulatum
905 489 1213 565 obtinuit,
1260 512 1329 549 ac
1363 488 1441 549 de
1476 511 1793 549 novorum
1846 491 1953 549 ci„

248 581 426 636 vium
472 577 780 660 suffragiis
819 591 1093 652 certans;
1165 578 1469 661 adjunctis
1502 578 1623 636 sibi
1669 580 1950 637 Carbone

250 681 313 726 et
352 668 654 740 Sertorzb,
685 666 880 749 copiis
916 664 1365 747 quadrifariam
1402 665 1638 741 divisis,
1685 669 1953 751 patriam

245 752 671 814 funestissimis
723 753 1016 814 caedibus
1067 755 1441 839 complevit3
1502 776 1632 837 quo
1677 755 1952 815 tumultu

245 840 548 917 durante,
595 864 760 901 anno
794 856 1096 925 sequente
1137 845 1397 902 Marius
1433 843 1660 903 morbo
1703 843 1955 903 absum-

243 944 375 1005 tus‚
441 931 638 989 Cinna
688 951 844 991 vero
900 952 935 987 a
979 930 1284 992 militibus
1324 930 1639 992 confossus
1691 933 1952 992 interiit.

239 1018 508 1078 Interim
554 1022 734 1096 Sylla
771 1041 822 1077 a.
866 1019 946 1081 U.
997 1021 1140 1080 670.
1186 1042 1338 1103 pace
1375 1041 1518 1079 cum
1565 1023 1954 1079 Mithridate

245 1105 406 1166 facta
431 1150 447 1180 ,
492 1129 571 1167 ne
613 1106 853 1189 indigni
888 1109 1300 1170 concitatores
1341 1106 1509 1167 domi
1553 1108 1957 1171 dominaren-

245 1208 352 1253 tur
377 1241 392 1269 ,
440 1197 750 1256 victorem
787 1197 1137 1255 exercitum
1176 1216 1254 1255 ex
1293 1197 1445 1256 Asia
1492 1211 1955 1281 transportans,

241 1283 428 1343 civile
462 1282 698 1344 bellum
753 1285 817 1342 in
858 1283 1028 1342 Italia
1074 1281 1272 1344 adhuc
1320 1287 1650 1360 Nat-bone,
1726 1288 1958 1344 Carbo-

245 1393 355 1446 ne,
421 1384 485 1433 et
518 1375 737 1431 Mario
768 1370 1022 1454 juniore
1065 1372 1284 1432 callide
1318 1387 1731 1434 sustentatum
1756 1421 1771 1448 ,
1838 1392 1957 1457 per

241 1460 571 1520 biennium
595 1507 610 1535 ,
649 1460 898 1520 inducta
932 1463 1212 1545 primum
1255 1463 1507 1520 Civium
1545 1464 1960 1546 proscriptio-

241 1571 322 1607 ne
367 1547 655 1611 confecit.
728 1551 1029 1632 (Constat
1082 1551 1253 1610 enim
1295 1563 1549 1632 praeter
1595 1553 1961 1610 innumera-

248 1636 443 1696 bilem
498 1637 746 1696 Civium
795 1636 1064 1697 aliorum
1116 1637 1623 1715 multitudinem,
1693 1661 1773 1700 ex
1824 1640 1961 1721 ipso

252 1726 572 1807 Equestris
605 1725 845 1786 ordinis
885 1723 1042 1787 flore
1082 1747 1152 1785 ac
1194 1727 1463 1801 Senatu,
1531 1727 1608 1788 ad
1649 1727 1774 1787 duo
1818 1725 1964 1785 mil-

245 1812 328 1870 lia
372 1816 725 1897 proscripta
776 1811 1007 1891 fuisse.)
1073 1815 1384 1875 Restituta
1431 1817 1517 1875 ita
1562 1816 1731 1875 domi
1790 1828 1962 1875 tran-

249 1901 595 1983 quillitate,
661 1902 885 1963 Victor
929 1904 1116 1978 Sylla
1159 1904 1505 1988 Perpetuus
1547 1904 1831 1964 Dictator
1871 1901 1962 1960 fa-

249 2004 428 2065 ctus,
491 2011 637 2049 cum
693 1991 791 2057 24.
852 1989 1143 2053 Fascibus
1207 1995 1544 2075 processit,
1609 1991 1964 2074 rempublia

252 2099 517 2162 eamque
561 2078 898 2162 praeclaris
950 2078 1194 2162 legibus
1239 2080 1575 2140 ordinavit.
1667 2082 1961 2140 Ceterum

249 2166 409 2226 nihil
448 2170 532 2227 ita
575 2169 807 2227 mirum
828 2211 844 2240 ‚
892 2184 1084 2250 quam
1117 2168 1519 2252 quod'tantis
1552 2167 1841 2230 caedibus
1874 2170 1965 2226 ci-

249 2259 426 2315 vium
483 2254 701 2331 editis,
765 2257 1092 2316 Dictatura
1147 2278 1212 2317 se
1260 2272 1481 2340 sponte
1534 2257 1961 2329 abdicaverit,

251 2359 314 2404 et
357 2343 500 2405 dein
548 2347 832 2428 privatus
878 2346 962 2402 ita
1001 2344 1324 2405 incolumis
1365 2348 1636 2406 vixerit:
1707 2343 1961 2403 tandem

265 2432 610 2516 pediculari
645 2431 874 2492 morbo
913 2447 1270 2493 consumtus
1308 2436 1560 2495 interiit.
1608 2432 1799 2516 Cujus
1830 2434 1965 2491 ani*

255 2523 340 2579 mi
365 2520 708 2581 moderatio
741 2522 803 2580 in
837 2541 1080 2581 summo
1108 2524 1379 2605 imperio
1415 2522 1808 2605 deponendO,
1831 2543 1962 2579 ma-

256 2632 439 2691 gnam
482 2611 752 2668 nominis
806 2608 1233 2670 celebritatem
1289 2626 1353 2672 et
1396 2611 1632 2695 gloriae
1686 2609 1963 2669 fructum

256 2697 440 2771 tulit,
510 2720 654 2756 nam
702 2696 1011 2759 abdicatio
1061 2697 1425 2761 Dictaturae‘
1454 2716 1577 2760 tam
1616 2713 1791 2781 grata
1831 2698 1962 2757 Ro-

253 2808 440 2844 mano
476 2785 710 2870 populo
748 2801 915 2861 erat,
963 2800 1034 2847 ut
1065 2785 1196 2871 ejus
1235 2788 1419 2848 funus
1458 2786 1811 2849 incredibili
1862 2807 1961 2844 so-

255 2874 574 2934 lemnitate
622 2896 692 2933 ac
739 2874 1096 2957 frequentia
1145 2877 1515 2938 celebraret.
1563 2913 1648 2922 —
1693 2877 1960 2936 Interim

246 2960 432 3044 hujus
476 2961 622 3023 belli
676 2964 889 3022 Civilis
941 2963 1206 3023 scintilla
1266 2987 1394 3025 non
1451 2986 1674 3049 parum
1727 2966 1792 3021 in
1839 2963 1960 3023 Hi·-

245 3053 457 3133 spania
498 3053 798 3114 excitavit
845 3051 1238 3129 incendium,
1301 3076 1445 3116 nam
1499 3055 1821 3113 Sertorius
1867 3049 1958 3108 faa

1489 3159 1493 3162 ’
1719 3155 1874 3204 cno-
