2097 3726
285 255 367 318 92
698 235 1303 294 Historia

204 411 514 470 tarninas.
577 408 900 468 Basilides
952 409 1427 473 Alexandrinus.
1484 414 1898 490 Carpocrates

208 497 560 559 Platonicus
602 494 849 557 admisit
888 499 972 580 a)
1020 505 1634 586 transmigrationem
1667 504 1904 563 anima-

198 607 363 646 rum.
417 586 796 644 Valentinus
849 623 936 636 --
995 592 1273 648 Gnostici
1324 605 1506 651 erant
1559 589 1903 674 blasphemi

200 686 265 734 et
305 673 435 730 vita
480 673 805 757 flagitiosi,
890 673 1247 738 docuerunt
1291 676 1607 738 Christum
1659 681 1903 741 venisse

191 759 272 819 ad
314 760 807 846 Demiurgorum
841 780 1061 825 contra
1099 766 1485 828 voluntatem
1536 769 1649 827 Dei
1697 771 1906 827 niten-

198 849 357 909 tium
390 869 582 930 opera
623 852 977 912 evertenda.
1040 857 1465 935 Hermogenes
1500 855 1715 916 docuit
1750 859 1903 915 Ma-

202 940 438 997 teriam
493 940 628 999 Deo
673 960 801 1000 esse
846 954 1261 1003 coaeternam.
1308 946 1402 1026 b)
1455 947 1695 1003 Cerdon
1740 941 1902 1028 ejus-

198 1045 327 1109 que
381 1023 720 1110 discipulus
759 1030 1057 1097 Marcion
1096 1030 1379 1092 infestam
1418 1032 1769 1094 doctrinam
1812 1030 1896 1111 c)

196 1127 646 1198 propagarunt.
715 1151 803 1162 -·
859 1119 1209 1178 Ptolemens
1233 1165 1249 1195 ,
1310 1125 1615 1197 Marcus,
1689 1123 1902 1180 Color-

194 1203 425 1276 basas,
472 1207 864 1280 Heracleon,
910 1228 1124 1267 omnes
1157 1212 1203 1266 cl
1232 1208 1256 1288 )
1307 1214 1539 1272 coaevi.
1582 1245 1668 1255 --
1707 1212 1904 1270 Laci-

194 1310 355 1350 anas
396 1303 458 1349 et
502 1296 766 1371 Apelles.
807 1298 864 1372 e)
915 1299 970 1353 T
964 1299 1259 1369 atianns,
1308 1301 1692 1374 Montanus,
1738 1300 1902 1358 Pra-

191 1400 363 1438 xeas.
428 1380 519 1459 f)
565 1395 679 1442 etc.
735 1381 960 1444 Seculo
1008 1384 1119 1443 ΙΙΙ.
1166 1388 1539 1469 praecipuae
1589 1388 1896 1449 Haereses

193 1480 376 1529 erant
408 1471 540 1547 uti,
602 1472 898 1546 Prodici,
966 1474 1078 1555 qui
1126 1476 1475 1535 orationem
1517 1475 1900 1557 Supervaca-

192 1577 377 1616 neam
419 1571 790 1620 statuerunt.
829 1559 922 1639 g)
972 1565 1270 1622 Noetiani
1307 1576 1369 1624 et
1407 1564 1708 1622 Sabellini
1752 1583 1904 1623 con-

193 1641 543 1704 fundebant
569 1646 870 1707 Personas
906 1649 1012 1708 SS.
1054 1650 1375 1712 Trinitatis
1399 1698 1416 1728 ,
1462 1653 1584 1712 tria
1623 1673 1752 1713 esse
1788 1649 1922 1712 no-'

193 1734 399 1808 mina,
446 1747 573 1794 tres
609 1735 1089 1819 appellationes,
1137 1736 1245 1797 sed
1279 1762 1407 1799 non
1442 1754 1568 1801 tres
1609 1736 1903 1823 hyposta-

192 1842 323 1896 seS,
383 1818 532 1881 hinc
587 1823 840 1884 Patrem
893 1824 1012 1884 sub
1068 1825 1182 1885 filii
1243 1831 1504 1890 notione
1563 1843 1780 1888 natum
1832 1840 1898 1890 et

191 1930 441 1994 passum
491 1931 622 1971 esse
679 1910 987 1973 dicebant.
1059 1916 1472 1974 Samosateni.
1529 1918 1901 1975 Manichaei

195 1996 324 2060 duo
365 1999 678 2082 principia
718 1999 883 2061 bona
924 2015 988 2062 et
1029 2002 1185 2061 mala
1217 2003 1606 2088 adoptarunt.
1655 2005 1738 2085 lz)
1777 2008 1908 2064 No-

195 2091 446 2148 vatiani
500 2110 654 2148 vero
695 2087 1052 2150 docuerunt
1093 2113 1196 2152 eos
1239 2093 1462 2154 salvari
1510 2117 1636 2155 non
1689 2115 1902 2179 posse,

199 2179 313 2260 qui
353 2190 494 2262 post
539 2179 925 2260 Baptismum
958 2197 1392 2263 peccaverunt.
1433 2185 1499 2263 i)

375 2268 771 2324 fferarchia
812 2289 919 2325 sea
972 2271 1208 2327 Forma
1261 2275 1590 2349 regiminis
1627 2273 1905 2329 Ecclesi-

199 2356 401 2414 astici.
435 2357 751 2412 Christus
796 2354 1131 2417 Ecclesiam
1164 2381 1199 2416 a
1237 2380 1302 2420 se
1338 2359 1661 2420 fundatam
1703 2357 1905 2419 admi-

198 2440 585 2504 nistrandam
643 2441 963 2526 Apostolis
1016 2446 1444 2527 concredidit,
1518 2452 1704 2512 etiam
1752 2469 1902 2510 cum.

1711 2557 1816 2597 SU-

272 2708 347 2771 a)
388 2702 594 2775 Epiph.
631 2708 793 2757 Haer.
827 2703 912 2784 27.
964 2705 1036 2776 b)
1074 2704 1450 2766 Tei-tulimus.
1489 2711 1611 2766 Lib.
1644 2707 1902 2761 adversus

341 2774 716 2909 Heimsi'fffl
757 2778 836 2896 gp
847 2777 1156 2899 ’ἐῖῗὲι-ΗΞἙΥ·
1173 2776 1703 2911 3431’3ἓ2’3ῗθὲἓ6ἓῗ
1724 2776 1899 2898 ῑέζηῗ·

344 2864 514 2969 {laci-
557 2864 772 2969 43.Ρ4Ξ.
792 2913 871 2985 f)
914 2881 1272 2971 ideniff-Iaer'.
1314 2890 1398 2973 4{3.
1430 2889 1629 2974 lifuseli.
1665 2919 1802 2972 Hist.
1844 2887 1902 2970 L·-

239 3017 243 3021 -
341 2984 398 3040 5.
457 2984 542 3055 g)
614 2986 789 3042 Clam.
849 2987 1117 3041 Alexand.
1179 2989 1242 3041 L.
1314 2987 1366 3045 7.
1431 2999 1750 3043 stromatur.
1816 2988 1896 3058 lit)

344 3053 731 3108 Theodorctus
764 3056 904 3113 L.1.
946 3077 997 3113 e.
1023 3056 1105 3110 19.
1139 3058 1346 3129 Epiph.
1367 3060 1532 3114 Haer.
1561 3058 1645 3113 66.
1682 3061 1746 3124 i)
1784 3059 1898 3114 Eu-

345 3123 456 3176 seb.
496 3127 559 3182 L.
595 3125 645 3184 7.
680 3147 725 3180 c.
757 3127 809 3185 5.
847 3137 903 3181 et
931 3128 1203 3201 Epistol-'te
1239 3129 1486 3200 Cyprini.
