2097 3726
404 199 439 256 5
450 196 482 255 8
494 197 527 253 4
869 190 1170 247 Isi-storia
1215 189 1475 265 Imperii

314 393 529 431 corum
588 363 763 428 clade
817 364 1048 425 devicit
1095 367 1549 448 Imperatorem
1595 360 1855 447 ejusque
1893 365 2017 427 frae-

311 477 474 519 trem
522 458 1000 529 Eberharclam,
1047 468 1117 513 ut
1170 453 1315 513 inde
1357 451 1770 536 proverbium
1820 458 2021 516 orire-

309 564 450 608 tur:
527 548 641 604 Ubi
684 555 902 603 tantus
949 547 1230 620 infernus
1298 546 1571 599 inveniri
1600 556 1865 618 posset,
1912 549 2023 622 qui

315 649 411 695 tot
449 639 732 693 Francos
769 655 979 691 caesos
1018 645 1288 709 caperet.
1338 631 1585 690 Verum
1627 629 1811 692 brevi
1867 635 2023 690 Con-

311 730 510 785 radas
557 725 827 783 mutavit
869 744 1042 781 suam
1078 720 1155 783 de
1192 724 1477 779 Herzrz'co
1523 722 1893 780 sententiam
1938 722 2022 781 ob

307 814 439 898 ejus
486 815 967 896 generositatem
1007 823 1069 871 et
1116 811 1483 894 sapientiam
1525 809 1680 868 adeo
1695 856 1715 882 ,
1771 824 1842 868 ut
1879 831 2021 870 eum

307 903 453 964 licet
483 915 666 962 antea
713 901 1071 972 inimicum,
1118 922 1284 957 nune
1332 911 1541 956 tamen
1584 899 1842 981 Imperii
1884 920 2021 959 suc-

309 1014 619 1054 cessorem
672 988 905 1071 eligens
953 1035 968 1062 ,
1037 987 1407 1071 proceribus
1462 988 1647 1046 enixe
1701 1009 2017 1046 commen-

307 1081 505 1142 daret.
598 1080 863 1138 Interim
905 1075 1298 1137 ferventibus
1339 1072 1432 1132 his
1471 1075 1763 1134 civilibus
1804 1075 2019 1152 hellis,

304 1171 597 1252 Hungari
620 1188 878 1251 quoque
897 1188 991 1224 an.
1012 1167 1160 1227 914.
1184 1185 1392 1223 annuo
1410 1164 1652 1224 tributo
1669 1164 1817 1224 olim
1837 1179 2020 1248 pacto
2070 1196 2071 1201 κ

304 1282 436 1319 non
487 1258 810 1332 contenti,
867 1257 1292 1336 irruptionem
1351 1253 1417 1310 in
1465 1252 1795 1311 Bavariam
1857 1253 2019 1314 fece-

302 1362 455 1408 runt
480 1393 496 1423 ,
527 1368 686 1430 quos
722 1350 1072 1428 Imperator
1103 1341 1337 1426 duplici
1379 1339 1625 1425 proelio
1658 1341 1882 1402 fractos
1907 1365 2018 1402 re-

303 1437 443 1498 dire
481 1437 712 1518 coegit:
758 1436 869 1517 qui
915 1455 1066 1492 mox
1104 1433 1281 1514 signa
1331 1433 1396 1488 in
1437 1428 1704 1488 Ltaliam
1762 1445 2017 1491 verten-

302 1540 434 1600 teS‚
468 1524 613 1585 inde
655 1538 795 1607 post
843 1521 1071 1582 multas
1121 1518 1593 1604 populationes,
1640 1518 2013 1580 muneribus

304 1616 697 1693 Berengarii
735 1613 959 1672 amoti:
1010 1609 1217 1671 denuo
1259 1632 1355 1668 an.
1409 1608 1561 1669 917.
1611 1609 2016 1669 Germaniam
2080 1634 2084 1639 ·

303 1704 624 1786 aggressi,
684 1701 1014 1760 Saxoniam
1070 1746 1086 1774 ,
1137 1694 1591 1778 Thuringiam,
1648 1697 2019 1770 Franciam‚

303 1793 448 1853 dein
484 1789 706 1850 Rheno
750 1791 1065 1848 trasmisso
1102 1784 1574 1867 Lotharingiam
1615 1799 1678 1844 et
1714 1785 2015 1866 Alsatiam

303 1878 599 1942 horribili
661 1878 1041 1964 grassatione
1115 1871 1625 1958 percursarunt.
1680 1874 2013 1956 ipsumque

306 1974 661 2029 Conradam
707 1967 784 2027 ad
828 1986 1041 2050 pacem
1079 1961 1509 2022 redimendam
1556 1984 1757 2020 annua
1799 1965 2008 2045 pensi-

300 2082 422 2120 one
478 2069 838 2138 coegerunt.
893 2053 960 2132 a)
1026 2055 1140 2134 qui
1209 2049 1459 2110 tandem
1505 2072 1670 2108 anno
1731 2053 1911 2133 regni
1953 2055 2010 2111 7.

299 2148 547 2208 viribus
595 2145 825 2204 fractus
885 2142 1062 2202 obiit.
1175 2138 1470 2222 Sepultus
1521 2140 1585 2195 in
1624 2138 2012 2198 Monasterio
2077 2159 2081 2162 ’

299 2235 630 2309 Fuldensi‚
669 2258 764 2299 an,
811 2233 955 2294 919.
1049 2232 1195 2289 Post
1242 2250 1434 2309 quem
1483 2226 1743 2308 Imperii
1795 2226 2012 2309 digni—

296 2341 388 2385 tas
435 2350 468 2384 a
518 2324 770 2382 Francis
815 2319 892 2378 ad
943 2320 1218 2378 Saxones
1260 2314 1556 2376 devoluta
1604 2329 1712 2381 est,
1813 2318 1887 2374 ln
1937 2337 2012 2375 eo

299 2410 822 2473 commendandae
855 2421 1036 2469 erant
1072 2421 1197 2466 tres
1243 2405 1431 2463 animi
1486 2406 1752 2464 virtutes
1789 2450 1805 2477 ,
1852 2425 2012 2486 quos

298 2503 460 2562 facto
527 2499 796 2562 ostendit
836 2543 851 2571 ‚
908 2499 1001 2556 uti
1070 2492 1388 2579 gratitudo
1465 2515 1613 2575 erga
1704 2497 2009 2551 Ottonem.

296 2591 626 2651 clementia
706 2609 853 2669 erga
903 2588 1251 2646 ffinricum
1313 2585 1650 2657 Azccupem.
1743 2593 1806 2642 et
1857 2603 2011 2665 pru-

296 2680 501 2742 dentia
540 2679 606 2737 in
661 2697 1013 2739 successore
1075 2670 1410 2757 eligendo,
1467 2670 1726 2731 salutem
1786 2669 2009 2752 publi-

1774 2779 1909 2816 cam

365 2976 438 3049 a)
476 2976 741 3030 Aventin.
781 2977 922 3028 Ann.
951 2972 1134 3059 Bpoloss·
1168 2973 1230 3024 L.
1266 2969 1315 3021 4.
1339 2969 1656 3021 Continuat.
1679 2966 2001 3089 Rgggnoms.

438 3042 1223 3184 {313.2¹..⁹l².;g{1-1?.1.s21.{1255²
1232 3042 1688 3162 ’ρῗὲἶῖἓΐῗΐρῖἓῖ
1766 3038 1788 3090 1
1834 3075 1849 3102 ⁷
1888 3053 1999 3107 Μ’
