2097 3726
398 228 507 292 148
831 229 1437 286 Ilistoria

294 400 582 473 malium,
631 409 691 459 et
738 397 860 458 Lib
917 402 1009 458 14.
1059 401 1402 462 Historiam
1458 405 1794 463 variorum.
1843 407 1986 462 Do.-

295 492 508 545 mibius
556 490 874 563 Ulpianus,
925 490 1063 548 Lib.
1110 493 1205 550 85.
1251 491 1328 548 ad
1375 491 1662 551 edictum.
1714 498 1810 551 51.
1845 494 1982 551 Lib.

296 575 373 634 ad
414 575 729 634 Sabinum.
767 576 902 634 Lib.
954 597 1048 637 20.
1094 577 1169 635 ad
1215 579 1389 662 leges.
1430 580 1567 638 Lib.
1621 603 1708 645 10.
1760 583 1988 662 Dispu*

292 666 618 722 tationum.
666 679 778 724 etc.
829 667 1033 723 Julius
1075 670 1309 725 Paulus
1351 669 1836 727 Jurisconsultus
1886 691 1985 741 70.

298 752 624 810 x‘olumina
666 755 835 811 Juris
882 754 1167 836 reliquit:
1233 757 1371 814 Lib.
1421 759 1569 815 item
1623 758 1679 815 5.
1730 761 1990 817 Senten-

293 841 521 898 tiarum
585 854 842 907 exstant,
909 845 1134 901 Sextus
1206 848 1575 921 Pomponius
1635 846 1991 902 ..flexanclri

291 932 510 986 Severi
553 928 987 1000 ConsiliariUS,
1034 931 1229 990 edidit
1268 934 1406 992 Lib.
1455 935 1552 1015 59.
1602 934 1986 992 Lectionum.

292 1017 433 1076 Lib.
463 1019 561 1098 59,
597 1015 673 1074 ad
711 1017 1027 1076 Sabinum.
1066 1019 1204 1077 Lib.
1251 1041 1351 1079 20.
1378 1021 1809 1104 Epistolarum.
1846 1021 1986 1080 Lib.

302 1107 398 1164 15.
447 1107 770 1165 variarum
805 1105 1196 1166 Lectionum.
1245 1108 1313 1173 L,
1359 1112 1412 1169 5.
1456 1110 1711 1168 Senatus
1747 1109 1990 1168 consul-

290 1207 519 1253 torum.
565 1208 677 1253 ete.
736 1195 1097 1252 Herennius
1134 1198 1523 1255 Modestinus
1567 1197 1703 1255 Lib.
1758 1197 1847 1261 15.
1891 1219 1991 1257 re-

289 1302 676 1364 sponsorum.
731 1282 802 1341 L.
857 1301 946 1341 10.
986 1282 1359 1364 regularum.
1407 1286 1547 1344 Lib.
1599 1305 1672 1343 12
1737 1285 1986 1343 Pande-

288 1384 550 1431 ctarum.
598 1371 667 1430 L.
722 1392 780 1451 9.
847 1369 1358 1431 differentiarum.
1410 1374 1480 1432 L.
1528 1378 1581 1434 b'.
1636 1376 1986 1432 excusatio-

289 1482 458 1516 num.
499 1461 570 1518 L.
608 1461 664 1518 4.
703 1457 779 1518 de
819 1462 1046 1540 paenis.
1083 1463 1486 1520 Herodianus
1528 1462 1801 1520 Graecus
1833 1463 1987 1519 scri-

289 1549 413 1630 psit
450 1545 585 1605 Lib.
638 1550 689 1605 8.
737 1548 1194 1623 Historiarum,
1244 1549 1324 1608 ab
1365 1571 1617 1611 excessu
1657 1551 1738 1607 M.
1779 1551 1988 1606 Aure-

290 1637 363 1692 lii
397 1636 728 1707 Antonini,
777 1656 975 1715 usque
1025 1637 1102 1696 ad
1134 1653 1405 1699 mortem
1449 1640 1720 1696 Maximi
1766 1640 1987 1695 Balbi-

288 1725 370 1780 ni.
417 1724 782 1780 Censorinus
841 1723 1295 1785 Grammaticus
1350 1729 1583 1786 Romae
1633 1724 1825 1785 edidit
1879 1726 1986 1783 Li-

290 1810 481 1869 brum
527 1815 603 1868 cle
643 1813 743 1867 die
781 1816 984 1869 natali
1029 1811 1106 1870 ad
1151 1813 1633 1896 Chronologiam
1674 1812 1985 1872 elucidan—

293 1897 454 1957 dam.
540 1901 801 1957 Asinius
868 1901 1238 1972 Quadratus
1312 1905 1560 1984 scripsit
1637 1903 1981 1961 Historiam

287 1983 670 2047 Parthorum
736 2001 799 2047 et
866 1989 1346 2049 Germanorum.
1414 1991 1571 2050 Item
1638 1991 1865 2049 Libros
1927 1992 1981 2049 5.

286 2074 604 2135 Historiae
638 2078 988 2151 Romanae,
1034 2101 1068 2136 a
1103 2078 1350 2137 condita
1387 2080 1586 2138 Roma
1613 2124 1627 2151 ,
1678 2100 1872 2159 usque
1907 2077 1982 2136 ad

289 2177 576 2245 tempora
628 2167 909 2241 Philippi
952 2167 1373 2248 Imperatoris,
1432 2169 1816 2225 Aurelianus
1860 2172 1985 2226 Im-

286 2265 544 2336 perator
578 2255 707 2335 ipse
744 2274 997 2312 suorum
1026 2253 1333 2313 bellorum
1369 2253 1691 2313 historiam.
1723 2256 1983 2338 scripsit.

289 2343 613 2398 Herenius
650 2344 981 2418 Dexippus
1024 2341 1218 2402 edidit
1261 2344 1602 2402 Historiam
1644 2343 1986 2402 Romanam

290 2428 371 2485 ab
412 2431 777 2488 Alexandro
823 2433 1048 2488 Severo
1092 2452 1292 2512 usque
1341 2434 1666 2490 Claudium
1705 2434 1792 2488 II.
1833 2435 1986 2492 item

287 2513 644 2577 Chronicon
691 2520 937 2600 Regum
979 2517 1415 2594 Macedoniae,
1476 2544 1508 2578 a
1561 2522 1845 2594 CranaO,
1908 2519 1985 2579 ad

285 2607 723 2664 Alexandrum
779 2610 870 2673 M,
916 2606 1061 2667 dein
1118 2622 1250 2666 acta
1309 2608 1742 2683 Macedoniae,
1805 2623 1868 2667 et
1908 2607 1986 2668 de

288 2691 469 2753 bellis
515 2692 897 2774 Scytharum.
944 2699 1298 2773 Dionysius
1353 2699 1606 2756 Cassius
1659 2699 1982 2773 Longinus

285 2784 535 2865 scripsit
570 2783 646 2844 de
692 2783 944 2844 sublimi
1003 2784 1248 2846 dicendi
1288 2804 1531 2866 genere.
1576 2785 1863 2844 Amelius
1909 2784 1986 2844 li-

287 2869 475 2929 brum
526 2886 743 2930 contra
800 2873 1017 2955 Magos
1056 2886 1118 2932 et
1169 2874 1530 2944 GnostiCOS,
1591 2885 1654 2932 et
1700 2872 1837 2930 Lib.
1883 2875 1981 2933 40.

285 2975 502 3017 contra
557 2963 960 3019 Zostrianum
1008 2958 1405 3021 haereticum.
1453 2962 1674 3017 slelius
1733 2963 1984 3036 §Parti-

285 3067 440 3102 anns
479 3048 819 3108 Historiam
863 3050 1207 3110 Romanam
1259 3073 1293 3107 a
1344 3051 1511 3108 Julio
1551 3048 1715 3107 Caes.
1776 3071 1974 3130 usque

1697 3136 1894 3195 sidri-
