2097 3726
551 158 832 213 Romano
878 154 1247 212 Germanici.
1524 155 1559 212 4
1574 172 1597 212 1
1613 157 1648 215 5

46 343 251 391 tamen
313 333 775 390 contentionem
826 325 1045 386 habuit
1094 349 1236 387 cum
1292 330 1596 386 Pet-sehale
1654 334 1741 391 II.

47 422 225 479 Rom.
270 418 568 479 Pontifice
610 418 691 477 ob
731 419 1212 493 Izzvestc'tzcrccsaez,
1249 440 1443 500 quare
1473 440 1521 474 a.
1555 423 1739 479 1110.

54 510 117 568 in
164 508 401 567 Italiam
449 505 797 589 profectus,
862 507 942 586 (ι)
991 509 1181 589 captis
1215 507 1499 590 plurimis
1547 507 1747 566 Urbi-

49 597 165 656 bus
191 643 205 670 ,
255 594 505 654 tandem
539 615 700 652 anno
749 596 932 653 1111.
971 608 1294 655 strenuum
1331 617 1395 655 se
1422 593 1577 678 juris
1618 597 1746 654 lm-

53 687 356 768 peratorii
391 681 779 742 defensorem
818 680 1105 742 exhibuit
1127 730 1143 757 ,
1191 697 1252 743 et
1283 706 1409 743 non
1441 686 1573 744 sine
1605 701 1749 744 san-⁴

52 773 255 853 gvinis
315 772 614 832 effusione
656 773 1025 829 Pasolzalem
1085 774 1172 828 II.
1230 769 1747 855 comprehensum

54 863 120 917 in
185 859 529 919 custodiam
598 857 934 941 conjiciens
1004 882 1078 919 eo
1136 858 1378 942 adegit:
1464 875 1534 920 ut
1591 861 1750 922 facta

56 950 510 1023 transactione,
607 949 1034 1031 praesentibus
1101 963 1164 1009 et
1221 952 1751 1011 consentIentibus

53 1034 487 1096 Cardinalibus
538 1058 663 1095 non
718 1035 917 1096 solum
981 1039 1240 1121 Imperii
1289 1058 1585 1098 coronam
1651 1062 1751 1099 so·-

48 1123 222 1184 lenni
296 1127 425 1183 ritu
482 1127 858 1207 Imperatori
922 1126 1296 1198 contulerit,
1393 1127 1498 1187 sed
1567 1131 1752 1188 etiam

36 1215 478 1289 jurejarando
515 1236 578 1270 se
610 1215 980 1289 obstrinxit,
1020 1218 1141 1291 jus
1186 1219 1602 1275 investiturae
1646 1240 1754 1275 sa-

50 1307 372 1360 cerdotum
407 1324 543 1359 cum
574 1308 760 1362 camelo
795 1316 854 1360 et
884 1305 1098 1363 baculo
1121 1349 1136 1379 ⁷
1201 1308 1483 1363 Henrico
1518 1318 1579 1364 et
1615 1310 1752 1384 ejas

50 1392 507 1449 successoribus
568 1394 884 1469 integram
946 1415 1079 1451 esse
1137 1394 1367 1451 debere.
1441 1394 1554 1454 His
1603 1397 1755 1454 actis

50 1482 370 1537 Hem-icas
417 1481 481 1537 in
527 1478 924 1540 Germaniam
964 1481 1242 1555 redien39
1289 1502 1439 1540 mox
1476 1486 1755 1541 Pascha-

52 1571 133 1626 lis
173 1566 464 1626 Pontifex
506 1568 842 1627 concilium
885 1570 948 1627 in
989 1573 1309 1628 Laterano
1349 1574 1754 1645 convocavit,

58 1670 121 1716 et
159 1656 563 1738 privilegium
604 1655 680 1715 de
718 1657 1097 1716 Investitura
1133 1660 1414 1715 Henrz'co
1454 1659 1756 1719 traditum

53 1745 373 1804 revocavit
395 1790 409 1819 ‚
444 1746 774 1826 ipsumque
810 1748 1156 1804 Henriczcm
1191 1744 1576 1808 anathemate
1613 1771 1760 1830 per-

53 1833 239 1891 cussit
258 1855 273 1908 3
341 1855 464 1915 qua
513 1832 776 1915 perfidia
832 1835 1024 1895 iratus
1082 1837 1434 1918 Imperator
1471 1840 1758 1898 maximis

55 1922 249 2004 copiis
293 1921 358 1979 in
396 1921 640 1980 Italiam
681 1921 996 2004 profectus
1034 1926 1356 2007 pristinam
1390 1923 1761 2006 dignitatem

55 2008 523 2087 vindicaturus;
600 2008 711 2069 ubi
780 2026 950 2072 recte
1007 2027 1259 2072 mortuo
1317 2016 1609 2074 Pasclzczli
1665 2017 1759 2075 II.
1822 2049 1825 2052 >

53 2119 203 2156 mox
239 2119 345 2156 sua
400 2102 772 2159 auctoritate
822 2103 1142 2179 constituit
1182 2100 1548 2162 Pontificem
1609 2106 1763 2162 Gre-

51 2189 306 2265 goriam
347 2188 540 2244 VIII.
588 2225 672 2233 —-
712 2189 768 2245 A
807 2189 992 2250 Clero
1032 2204 1238 2250 autem
1268 2194 1636 2252 constitutus
1671 2212 1763 2257 est

67 2277 350 2332 Gelccsias
391 2277 477 2330 II.
521 2277 623 2334 cui
667 2275 848 2334 brevi
895 2293 1143 2338 mortuo
1181 2280 1470 2340 suffectus
1500 2295 1592 2341 est
1644 2285 1764 2341 Ca-

59 2365 260 2421 lixtcc's
303 2363 393 2418 II.
432 2365 541 2443 qui
583 2362 732 2420 dum
772 2385 906 2422 rem
943 2369 1218 2427 severius
1251 2386 1542 2451 urgeret,
1589 2392 1765 2431 eum-

61 2471 187 2531 que
236 2453 876 2512 excommunicatione
921 2467 1170 2514 notaret
1199 2501 1214 2530 ‚
1291 2456 1544 2519 tandem
1584 2462 1764 2531 inve}

62 2540 320 2596 stiturae
372 2534 467 2620 jus
523 2540 586 2596 in
638 2538 1003 2602 Pontificem
1056 2544 1394 2605 transferre
1441 2550 1764 2610 constituit

68 2639 140 2684 ut
199 2623 328 2685 sedi
395 2626 788 2709 Apostolicae
866 2630 1409 2708 reconciliaretur,
1501 2634 1640 2695 ideo
1707 2662 1761 2698 a.

71 2716 256 2774 1122.
307 2716 370 2770 in
410 2715 690 2775 Comitiis
741 2717 1002 2798 publicis
1052 2721 1451 2780 Wormcctiae
1499 2722 1765 2787 liberam

66 2802 129 2862 in
172 2801 460 2863 omnibus
511 2804 794 2865 Ecclesiis
831 2806 1196 2869 electionem
1229 2823 1292 2870 et
1337 2810 1766 2876 Consecratio-

1494 2922 1637 2962 nem
1659 2948 1676 2978 ,

141 3061 217 3136 a)
254 3065 386 3121 Otto
429 3062 564 3120 Fris,
604 3063 664 3118 L.
701 3060 748 3119 7.
782 3087 830 3129 c.
869 3067 949 3124 14.
987 3067 1282 3126 Viterhien.
1318 3070 1465 3134 Part.
1501 3070 1589 3134 17.
