2097 3726
540 200 820 254 Romano
874 197 1252 251 Germanici.
1554 191 1588 248 5
1600 210 1630 247 2
1650 210 1665 246 1

62 371 380 442 fortissimi
437 369 641 434 herois
714 374 987 448 Eugenii
1049 372 1377 428 Francisci
1425 365 1767 426 Sabaudiae

55 462 365 544 Principis
420 464 718 544 suscepit3
786 461 898 542 qui
948 461 1130 518 victis
1172 458 1249 517 ad
1306 460 1767 515 Petrovaradi-

57 574 205 608 nam
259 549 539 611 hostibus
602 551 936 609 Temesum
995 563 1057 608 et
1110 545 1487 629 Belgradum
1542 547 1764 605 Turcis

57 654 344 722 ereptum
396 654 524 716 est3
607 661 804 721 quum
860 651 1067 697 autem
1122 660 1156 694 a
1206 635 1372 696 felici
1427 657 1761 694 armorum

54 749 332 788 successu
382 731 604 788 Caesar
650 750 764 810 per
800 727 1111 809 Hispanos
1152 735 1554 795 avocaretur,
1616 745 1761 784 cum

52 816 276 877 Turcis
324 838 539 901 pacem
571 815 926 899 petentibus
979 818 1164 875 1718.
1220 815 1644 872 Passer-evicti
1693 813 1758 871 in

53 905 275 965 Servia
310 927 525 989 pacem
561 906 745 963 inivit
789 927 857 965 ea
893 904 1057 986 lege:
1121 916 1191 961 ut
1224 903 1489 960 Banatus
1525 901 1760 958 To'mo'-

50 996 298 1068 siensiS‚
382 993 762 1076 Belgradum
833 1015 975 1053 cum
1031 1005 1208 1074 parte
1277 992 1532 1050 Serviae
1560 1035 1575 1064 ,
1652 991 1756 1048 Cis

47 1082 241 1142 Aluta
293 1083 629 1159 Valachia‚
693 1085 958 1143 Bosniae
1004 1085 1066 1141 et
1118 1081 1407 1141 Croatiae
1464 1099 1605 1161 pars
1651 1100 1759 1159 pe-

47 1192 155 1230 nes
202 1173 529 1233 Caesarem
565 1186 827 1231 maneat.
895 1171 977 1248 α)
1026 1171 1161 1241 Qua
1196 1191 1346 1253 pace
1401 1170 1586 1229 etiam
1629 1167 1757 1227 Ve-

44 1261 174 1319 neti
209 1283 401 1343 pauca
446 1261 752 1344 quaedam
793 1260 1134 1318 Dalmatiae
1178 1271 1239 1318 et
1279 1256 1586 1317 Albaniae
1624 1255 1758 1314 loca

41 1353 358 1410 consecuti
399 1366 578 1411 sunt:
628 1348 858 1433 quibus
897 1348 1170 1409 obtentis
1213 1361 1281 1406 ut
1320 1346 1564 1406 facilior
1600 1359 1757 1404 esset

44 1454 337 1538 quaestus
376 1438 453 1498 ad
498 1462 669 1499 mare
711 1437 1143 1513 Adriaticum,
1207 1451 1466 1539 Portum
1506 1438 1756 1516 Terge-

42 1528 274 1589 stinum
314 1543 376 1589 et
424 1528 889 1588 Fluminensem
937 1528 1223 1610 leparaii
1273 1547 1344 1585 ac
1390 1548 1506 1610 per
1559 1524 1758 1582 Croa—

40 1618 162 1675 tiae
211 1632 454 1679 montes
505 1620 673 1676 viam
717 1619 877 1676 stiui
929 1614 1120 1699 jussit.
1198 1615 1516 1676 Mercatus
1575 1633 1754 1671 causa

46 1708 421 1765 Societatem
497 1710 862 1767 orientalem
942 1708 1227 1766 Viennae
1291 1727 1360 1763 er
1366 1706 1496 1764 exit
1567 1702 1755 1763 1719

44 1793 274 1875 quibus
312 1795 756 1880 plomovendis
796 1793 1035 1853 addidit
1081 1797 1288 1853 Ollam
1317 1793 1416 1852 for
1402 1808 1604 1851 tunae
1643 1813 1752 1850 seu

40 1885 438 1959 Lotterz'czm,
506 1885 673 1946 unde
706 1884 953 1943 lucrum
993 1885 1157 1941 intra
1194 1884 1462 1965 spatium
1502 1882 1599 1940 50.
1642 1903 1755 1938 an-

36 1993 267 2032 norum
312 1976 726 2057 proveniens,
774 1970 851 2031 ad
902 1976 1001 2032 80.
1041 1971 1348 2032 milliones
1389 1968 1746 2030 calculatur.

35 2060 226 2121 Paulo
263 2077 403 2146 post
431 2066 616 2124 etiam
664 2066 1039 2122 Societatem
1089 2065 1545 2121 Occidentalem
1596 2063 1749 2116 Ost-

37 2153 230 2208 endae
270 2154 474 2213 erexit
519 2156 704 2214 1722.
747 2154 810 2210 in
860 2148 1039 2234 cujus
1080 2150 1578 2211 emolumentum
1623 2146 1752 2207 fae-

35 2236 150 2298 dus
194 2241 378 2299 inivit
415 2263 555 2300 cum
593 2243 883 2322 Hispanis
918 2254 979 2299 et
1019 2241 1270 2314 Russis‚
1333 2260 1558 2299 verum
1604 2237 1743 2297 aliis

34 2325 431 2411 Principibus
469 2329 1078 2402 cont1⁴adicentibuS‚
1147 2327 1313 2388 unde
1368 2352 1448 2388 ne
1504 2325 1745 2386 bellum

36 2435 180 2475 casu
213 2433 605 2501 erumperet,
653 2421 861 2502 potius
905 2422 1333 2476 Ostendanam
1371 2418 1746 2477 Societatem

34 2503 307 2565 abolevit
366 2510 550 2568 1728.
600 2505 772 2590 cujus
824 2508 1071 2567 ruinam
1115 2529 1269 2566 mox
1323 2504 1464 2565 fidei
1529 2503 1746 2589 publi-

35 2612 144 2654 cae
179 2608 243 2654 et
295 2597 522 2657 aerarii
572 2594 812 2681 jactura
868 2596 1285 2679 sequebatur,
1351 2617 1540 2678 quam
1577 2592 1747 2651 mili-

1525 2697 1658 2742 tum

100 2872 178 2946 a)
223 2874 590 2928 Vendiamino
631 2875 854 2929 Bianch.
892 2877 1158 2929 relatione
1206 2874 1277 2927 de
1315 2892 1446 2946 pace
1487 2874 1745 2926 Passalo-

170 2945 306 2998 vicz.
363 2946 543 2998 Guido
593 2947 896 3003 Ferrarius.
946 2947 1013 2998 de
1068 2947 1213 2998 bello
1271 2947 1518 2998 Pannon
1575 2947 1638 2997 L.
1693 2942 1741 2997 3.

171 3034 232 3086 Ρ.
288 3017 372 3071 75.
425 3035 536 3087 Spq
591 3018 726 3087 Imp.
783 3019 1069 3073 ()tt.oman
1126 3017 1189 3067 Τ.
1257 3015 1304 3069 2.
1351 3035 1403 3087 Ρ.
1460 3014 1582 3068 119.
1627 3034 1743 3085 seq.

176 3086 423 3158 Szegedi.
462 3087 633 3144 Rubr
668 3091 724 3146 P,
766 3087 816 3141 3
859 3108 913 3160 p.
948 3087 1068 3142 262.
1108 3104 1220 3159 seq.
