2097 3726
419 136 845 213 Antiquorum
899 132 1372 191 Germanorum.
1540 130 1666 192 545

55 334 307 373 cessum.
400 313 455 370 Is
507 309 715 371 adesse
788 304 1095 390 penetrali
1160 308 1355 369 Deam
1422 304 1759 390 intelligit,

55 402 230 462 Laeti
273 416 421 460 tunc
459 397 802 473 dieS‚festa
848 395 1018 470 loca,
1066 398 1478 478 quaeeunque
1521 393 1762 456 adven·

54 505 122 550 tu
195 488 598 572 hospicioque
658 485 974 567 dignatur.
1065 486 1209 546 Non
1277 485 1441 545 bella
1498 487 1760 556 ineunt,

53 601 176 638 non
221 600 391 636 arma
426 588 720 650 sumunt3
761 573 1033 632 clausum
1086 594 1271 635 omne
1341 572 1582 635 ferrum
1630 592 1759 656 pax

52 682 114 726 et
147 667 320 748 quies
367 677 515 723 tunc
555 677 801 721 tantum
836 673 1019 736 nota,
1059 675 1209 731 tunc
1246 675 1484 734 tantum
1521 674 1758 732 amata,

54 755 250 814 donec
274 752 435 813 idem
458 751 744 812 sacerdos
776 752 1063 824 saciatam
1082 752 1558 811 conversatione
1584 770 1760 810 mor-

56 843 270 901 talium
329 841 525 901 Deam
579 838 819 922 templo
882 837 1138 899 reddat:
1207 861 1356 899 mox
1401 835 1763 898 vehiculum

53 944 116 992 et
154 943 353 992 vestes
379 974 394 1001 ,
436 941 496 990 et
540 930 590 988 si
636 925 898 989 credere
937 926 1092 988 velis
1138 928 1387 988 Numen
1424 928 1630 1010 ipsum
1663 946 1759 986 se-

51 1032 226 1080 creto
283 1017 421 1078 loco
470 1017 772 1089 abluitur.
869 1015 1053 1076 Servi
1116 1018 1474 1076 ministrant
1519 1058 1537 1088 ‚
1603 1034 1765 1097 quos

52 1109 257 1167 statim
307 1104 471 1166 idem
505 1106 674 1166 lacus
720 1104 972 1182 haurit3
1018 1125 1279 1165 arcanus
1321 1101 1466 1176 hinc
1512 1113 1759 1176 terror,

50 1197 356 1278 Sanctaqe
409 1197 803 1278 ignorantia,
849 1192 1005 1278 quid
1050 1196 1129 1254 sit
1173 1192 1360 1271 illud²
1397 1188 1573 1278 quod
1620 1205 1759 1252 tan-

54 1296 187 1344 tum
234 1286 504 1368 perituri
562 1283 842 1344 Vident.“
938 1282 1407 1344 Divinationem
1455 1302 1571 1366 per
1631 1282 1766 1339 vir-

55 1396 158 1456 gas
200 1371 536 1456 frugiferae
583 1373 797 1445 arbori
825 1371 1092 1447 decisas,
1131 1374 1195 1430 in
1226 1369 1507 1443 surculos
1541 1390 1763 1453 ampu-

56 1476 253 1537 tantes
294 1509 309 1537 ,
371 1465 461 1522 uti
520 1463 793 1546 auspicia
856 1474 918 1522 et
988 1475 1184 1521 sortes
1243 1481 1436 1543 quam
1492 1460 1764 1519 maxime

61 1551 432 1626 observant,
480 1552 812 1634 proprium
866 1551 1070 1632 gentis
1111 1562 1247 1621 erat
1311 1550 1499 1610 etiam
1552 1548 1766 1605 avium

59 1660 244 1699 voces
286 1654 348 1700 et
388 1653 608 1698 cantus
655 1639 1082 1722 interrogare²
1147 1659 1461 1720 equorum
1513 1655 1765 1718 praesa-

59 1730 156 1811 gia
203 1741 266 1787 et
306 1727 622 1786 hinnitum
662 1729 962 1810 experiri.
1050 1726 1146 1786 Ex
1185 1723 1633 1787 consvetudine
1668 1726 1767 1782 vi-

59 1830 185 1876 tam
244 1839 493 1884 omnem
539 1818 604 1874 in
644 1815 1084 1876 venationibus
1123 1826 1185 1877 et
1235 1812 1457 1876 studiis
1494 1814 1588 1873 rei
1641 1812 1764 1871 mi-

57 1903 251 1964 litaris
297 1904 648 1981 ducebant,
686 1904 831 1966 inde
871 1929 905 1965 a
943 1907 1159 1991 pueris
1208 1903 1414 1973 labori
1466 1916 1532 1964 et
1582 1899 1761 1961 duri-

57 1996 160 2056 tiei
224 1993 574 2055 studebant.
664 1995 957 2055 Feminae
996 1993 1288 2060 notitiam
1342 1988 1576 2054 habere
1616 2002 1762 2050 ante

64 2086 160 2142 20.
207 2106 472 2160 annum.;
519 2085 953 2168 turpissimum
1001 2098 1178 2159 erat,
1209 2081 1376 2144 unde
1425 2082 1614 2144 etiam
1667 2075 1763 2139 his

59 2193 276 2230 severa
317 2187 494 2232 erant
537 2174 935 2234 matrimonia
960 2217 976 2246 ,
1002 2172 1228 2257 singuli
1267 2170 1574 2233 uxoribus
1607 2189 1760 2229 con-

62 2261 217 2320 tenti
267 2273 453 2334 sunt‚
498 2263 776 2344 exceptis
819 2263 1062 2346 paucis,
1119 2264 1231 2345 qui
1276 2283 1405 2322 non
1456 2254 1760 2328 libidine,

63 2345 169 2414 sed
209 2345 294 2407 ob
331 2349 721 2411 nobilitatem
757 2347 1047 2433 plurimis
1089 2351 1327 2434 nuptiis
1358 2348 1761 2417 ambiuntur:

62 2433 208 2500 hinc
255 2439 619 2521 paucissima
676 2435 1017 2514 adulteria,
1069 2451 1345 2521 quorum
1396 2459 1594 2523 paena
1643 2434 1766 2493 fuit

63 2523 212 2585 haec
246 2528 485 2595 maritis
518 2547 830 2587 concessa:
872 2529 1084 2589 accisis
1124 2526 1406 2586 crinibus
1458 2524 1760 2586 nudatam

65 2636 277 2685 coram
343 2618 714 2699 propinguis
759 2614 1020 2698 expellit
1069 2612 1259 2676 domo
1324 2617 1628 2686 maritus,
1682 2629 1757 2669 ao

67 2725 181 2787 per
213 2725 464 2763 omnem
499 2706 707 2763 vicum
751 2703 1021 2764 verbere
1056 2705 1198 2786 agit.
1246 2704 1326 2784 a)
1388 2700 1572 2774 Quod
1607 2698 1760 2760 edne

64 2795 371 2866 cationem
424 2795 683 2865 attinet:
746 2795 812 2854 in
854 2794 1027 2863 omni
1067 2791 1255 2867 domo
1307 2789 1572 2850 infantes
1615 2799 1761 2853 sunt

1522 2876 1678 2950 nudi

155 3056 228 3127 a)
275 3054 513 3120 Tacitus,
547 3073 597 3110 e.
630 3051 713 3121 18.
756 3052 843 3110 18.
