2097 3726
351 222 383 261 Ω
395 191 428 261 5
439 203 471 260 4
738 199 1045 258 Iiistorici
1087 201 1481 269 IImmorztm,

253 396 576 436 caesorum
628 372 843 459 spoliis
890 380 1139 435 Aetium
1200 373 1543 459 prohibere
1605 396 1782 433 ausus
1829 388 1997 452 est33

2092 1826 2095 1847 1

2092 1999 2095 2026 ¹,

2093 2051 2095 2076 ι

2092 2113 2097 2207 l

2091 2219 2097 2257 l

2065 3040 2078 3061 ,ι

2068 3663 2081 3726 ²}

255 468 382 524 imo
416 464 682 523 Galliam
720 466 785 521 in
825 465 992 541 loca,
1044 488 1159 549 per
1219 488 1378 547 quae
1422 466 1585 540 ibat,
1622 463 1952 547 saeviendo

252 553 656 636 relinquens,
735 556 1090 612 Trecensem
1138 555 1379 613 Urbem
1423 569 1952 638 praetergressuS‚

253 665 289 702 a
341 641 401 701 S.
456 645 640 718 Lupo
700 640 822 702 loci
873 645 1178 726 Episcopo
1240 658 1567 717 exoratus,
1635 663 1823 724 quem
1869 639 1948 698 ad

248 727 545 792 Rhenum
594 753 793 813 usque
835 733 1128 792 comitem
1166 733 1395 792 sumsit.
1444 730 1796 793 Recollecto
1843 753 1955 788 au·-

251 833 380 879 tem
424 819 593 880 domi
653 823 969 895 exercita,
1037 836 1336 902 sequente
1376 843 1575 894 anno,
1638 841 1753 902 per
1807 818 1955 898 llly-

246 909 364 968 Υἱοὶ
405 921 470 968 et
519 907 856 969 Dalmatiae
909 911 1153 983 ruinas,
1214 908 1592 970 indefensam
1645 908 1723 965 ab
1770 910 1954 964 A'e'tc'o

251 997 492 1058 Italiam
543 997 793 1071 adibat,
861 1000 928 1056 in
992 1019 1116 1080 qua
1178 1002 1549 1076 Aquilejam
1603 999 1665 1055 vi
1710 1009 1955 1079 captam

253 1108 396 1145 cum
450 1086 586 1145 aliis
638 1085 849 1146 multis
907 1088 1164 1162 evertit3
1244 1087 1417 1171 cujus
1467 1088 1682 1147 furore
1744 1085 1951 1144 territi

252 1173 563 1235 Adriatici
598 1175 786 1234 maris
818 1173 1061 1234 accolae
1087 1219 1102 1247 ,
1149 1174 1408 1237 desertis
1444 1178 1566 1236 suis
1601 1173 1954 1247 domiciliis,

249 1265 316 1322 in
375 1267 609 1323 vicinas
660 1266 852 1323 maris
909 1263 1136 1323 insulas
1177 1263 1625 1347 confugerunt,
1690 1263 1801 1346 ubi
1853 1276 1956 1320 tu-

249 1366 380 1412 tam
419 1367 482 1413 et
519 1355 898 1413 commercio
940 1367 1146 1434 aptam
1189 1352 1396 1414 sedem
1434 1355 1631 1426 nacti,
1677 1350 1956 1412 celeber-

228 1443 446 1502 «rimae
488 1445 561 1500 V
551 1445 898 1502 metim-am
949 1442 1144 1501 Urbis
1193 1465 1260 1501 ac
1299 1442 1706 1525 Reipublicae
1749 1441 1954 1524 prima

251 1528 660 1591 fundamenta
724 1543 1087 1616 posuerunt.
1191 1532 1330 1591 Hoc
1391 1546 1673 1615 tempore
1737 1529 1955 1587 Attila

169 1651 172 1653 >
253 1641 488 1677 novum
531 1616 695 1679 hunc
752 1621 868 1679 sibi
912 1622 1131 1678 sumsit
1169 1620 1460 1679 titulum:
1530 1621 1739 1678 Attila
1768 1618 1952 1693 filius

251 1708 630 1782 flffzmclzich,
693 1720 997 1785 cognatus
1040 1712 1271 1786 fflccgni
1312 1710 1701 1782 Hembmtlz,
1758 1717 1950 1763 natus

247 1796 575 1873 Etzgczclcli,
644 1798 775 1853 Det
824 1799 1050 1873 gratia
1101 1800 1478 1856 Ηιιηηονιινη
1501 1843 1517 1871 ,
1580 1800 1907 1855 iwedorum
1932 1839 1949 1870 ,

254 1887 599 1943 Gothorum
648 1896 707 1941 et
771 1887 1108 1941 Damonem
1158 1887 1333 1958 Rex,
1417 1888 1644 1944 Mundi
1696 1897 1948 1957 terror,

248 1984 310 2032 et
356 1977 707 2052 Flagellum
752 1976 897 2030 Dei.
962 1973 1085 2044 Qui
1145 1972 1293 2031 dum
1340 1970 1796 2045 Mediolanum,
1844 1973 1952 2031 Ti-

251 2064 493 2137 cinum,
541 2062 811 2144 aliasque
859 2060 1323 2121 florentissimas
1360 2062 1568 2121 'Urbes
1607 2063 1950 2131 evertisset,

252 2152 424 2233 signa
448 2152 749 2210 victoriae
787 2147 864 2208 ad
897 2150 1159 2208 Romam
1202 2148 1593 2232 expilandam
1634 2150 1954 2209 convertit

249 2263 346 2298 an.
417 2241 558 2300 452.
610 2238 718 2297 ubi
764 2239 822 2297 S.
880 2240 1109 2294 Leonis
1167 2236 1479 2297 Pontificis
1525 2237 1817 2321 precibus
1863 2235 1951 2296 le-

248 2330 456 2401 nitus,
519 2328 818 2409 promissa
866 2347 1016 2408 pace
1069 2325 1153 2402 a)
1201 2327 1377 2385 Italia
1423 2329 1719 2397 excessit,
1780 2326 1946 2386 etin

251 2417 629 2475 Pannoniam
674 2436 976 2486 remeanffi
1000 2436 1162 2473 anno
1194 2428 1491 2498 sequente
1512 2416 1573 2496 b)
1619 2438 1653 2473 a
1686 2414 1831 2474 belli
1865 2413 1954 2471 la-

247 2504 506 2566 boribus
547 2503 624 2562 ad
670 2503 1055 2586 voluptatem
1101 2503 1451 2577 traductuS,
1498 2526 1695 2585 quum
1734 2503 1946 2585 nupti-

248 2614 312 2652 as
365 2593 752 2666 celebraret,
835 2595 963 2676 ipsa
1035 2592 1237 2674 prima
1307 2594 1667 2677 nuptiarum
1726 2602 1945 2664 nocte,

247 2685 544 2764 sangvine
583 2705 616 2742 e
666 2681 925 2742 naribus
983 2682 1047 2741 in
1095 2679 1297 2743 fauces
1339 2683 1587 2766 illapSO,
1655 2703 1746 2737 an.
1803 2678 1944 2737 454.

1597 2767 1859 2826 suffoca-

317 2942 394 3015 a)
453 2943 693 2998 Priscus.
734 2941 841 2997 loe.
898 2944 987 2994 cit.
1040 2939 1302 2993 Jornand.
1356 2958 1402 2989 c.
1453 2936 1538 2993 42.
1592 2938 1742 2993 Paul.
1795 2939 1942 2992 Diae.

392 3013 455 3064 L.
491 3012 579 3070 45.
616 3011 817 3064 Thom.
853 3013 1099 3083 Aquileg.
1130 3011 1196 3062 de
1226 3008 1351 3060 bell.
1383 3009 1597 3059 Attilae.
1630 3009 1755 3065 Lib.
1785 3008 1840 3065 sl.
1875 3007 1943 3080 b)

396 3085 553 3141 Jorn.
596 3103 639 3137 c.
682 3081 765 3136 49.
822 3082 1077 3156 Prosper.
1126 3091 1179 3136 et
1225 3077 1467 3136 Cassiod.
1520 3079 1575 3131 in
1615 3079 1818 3136 Chron.
