2097 3726
400 90 475 149 42>
490 91 523 148 8
853 85 1159 143 Ilistoria
1208 83 1470 162 Imperii

301 269 375 328 In
417 265 687 323 Saxonia
727 259 1105 340 Lutherani‚
1152 264 1217 322 in
1265 260 1614 323 Palatinatu
1664 259 2010 323 Calviniani

301 355 487 417 brevi
540 351 1042 434 praevaluerunt.
1124 353 1616 416 Protestantium
1667 351 1890 412 turbae
1946 354 2012 411 in

302 440 693 517 CatholicOS,
804 440 1039 502 bellum
1105 441 1605 526 Religionarium
1675 440 2039 503 tricennale

303 530 785 617 produxerunt,
888 530 1061 613 quod
1148 531 1398 592 tandem
1465 555 1515 597 a,
1596 532 1781 593 1617.
1865 551 2012 615 pace

304 620 730 704 VVestphalica
767 618 1120 681 confectum
1173 634 1293 682 est:
1343 619 1514 703 quod
1555 620 1888 695 Seculum‚
1937 619 2016 677 li-

244 728 249 734 ’
300 723 400 773 cet
437 711 811 772 Germaniae
848 711 1284 770 cruentissimo
1323 709 1488 770 bello
1525 708 1875 784 funestum,
1922 706 2017 769 fe-

302 801 389 860 lix
437 814 641 859 tamen
693 801 758 858 in
794 821 868 859 eo
907 797 1058 875 fuit,
1122 797 1295 882 quod
1346 798 1602 883 plurimi
1650 800 2013 882 Principe3‚

303 905 368 953 et
414 889 716 949 faeminae
773 890 833 946 in
893 890 1096 949 sinum
1141 889 1460 948 Romanae
1502 889 1805 950 Ecclesiae
1849 885 2015 947 redi-

302 981 542 1040 verint:
594 980 679 1059 a)
730 979 821 1036 uti
882 979 1255 1035 Wllzelmus
1302 977 1614 1038 Palatinus
1657 975 2015 1059 Neoburgi-

299 1092 410 1129 cus
451 1067 638 1127 ducta
696 1069 1127 1126 Maximiliani
1169 1067 1397 1125 Bavari
1436 1085 1688 1142 sorore,
1754 1065 2017 1148 religio-

306 1181 451 1219 nem
500 1158 728 1215 avitam
783 1157 1080 1215 assumsit.
1147 1156 1460 1215 Ernestas
1515 1156 1765 1219 Hassiae
1811 1153 2020 1215 Land-

305 1249 556 1329 gravius
613 1242 822 1305 habito
885 1242 1238 1305 Rhinfelsae
1292 1244 1607 1327 colloquio
1665 1241 2019 1304 Lutherum

309 1329 593 1420 ejuravit.
669 1338 938 1392 ²Ioannes
1016 1336 1326 1391 Constans
1397 1333 1648 1394 Elector
1710 1333 2019 1393 Saxoniae

308 1428 681 1511 praecipuus
723 1421 987 1484 Lutheri
1019 1424 1417 1497 aestimator,
1463 1425 1646 1504 agoni
1689 1423 2018 1506 proximus

308 1516 385 1574 ad
438 1517 785 1575 Romanam
822 1513 1157 1573 Ecclesiam
1199 1510 1401 1572 rediit.
1450 1516 1785 1591 Augustus
1824 1511 2019 1570 Saxo-

308 1607 449 1663 niae
504 1602 754 1662 Elector
802 1615 872 1660 ut
926 1603 1174 1662 Corona
1230 1600 1523 1661 Polonica
1582 1602 1898 1686 potiretur
1965 1621 2016 1658 a.

315 1694 501 1754 1697.
560 1692 841 1750 Romana
901 1691 1089 1750 Sacra
1144 1693 1400 1773 recepit.
1470 1692 1544 1770 b)
1616 1691 2017 1749 Christianus
2091 1712 2093 1716 ’

316 1782 688 1841 IVz'llzelmzcs
723 1777 1003 1839 Marchio
1036 1778 1613 1863 Brandeburgicns,
1656 1778 1799 1838 Dux
1831 1779 2019 1837 Prus—

310 1872 464 1945 siae,
512 1870 754 1928 saniora
791 1867 1046 1927 edoctus
1084 1889 1273 1928 senex
1314 1873 1347 1929 7
1358 1874 1412 1928 8.
1452 1890 1761 1926 annorum
1791 1865 2018 1927 Catho-

309 1961 464 2020 licus
526 1958 716 2018 obiit:
798 1958 1178 2015 Elisabetka
1249 1957 1576 2015 Clzristina
1634 1957 2017 2038 Imperatrix

308 2051 591 2113 Romana
638 2069 688 2112 a,
738 2049 923 2105 1707.
971 2047 1319 2106 Romanam
1356 2043 1544 2105 fidem
1591 2043 1866 2128 professa
1907 2059 2014 2105 est.

305 2139 620 2198 Antonius
671 2137 916 2194 Ulrz'czcs
953 2136 1097 2195 Dux
1148 2138 1311 2196 1710
1335 2179 1349 2208 ,
1398 2133 1473 2194 ad
1513 2135 1699 2192 Sacra
1734 2134 2018 2193 Romana

305 2227 510 2288 rediit.
556 2228 824 2284 Ioannes
866 2227 1041 2282 Frid.
1104 2226 1295 2283 IVillz.
1350 2223 1846 2283 Hannoveranus
1889 2224 2018 2282 Lu-

310 2314 565 2378 therum
605 2313 890 2397 ejuravit.
949 2316 1209 2372 Carolus
1248 2315 1615 2372 Alexan-der
1652 2314 1795 2372 Dux
1846 2313 2019 2371 Stut-
2096 2363 2097 2366 ,

310 2405 647 2487 gardiensis
679 2406 863 2466 1715.
916 2403 1199 2465 Viennae
1249 2423 1312 2463 se
1366 2403 1684 2461 Romanae
1713 2401 2018 2462 Ecclesiae

310 2494 663 2555 obstrinxit.
723 2495 1123 2553 Christianus
1170 2495 1409 2552 Ludov.
1457 2491 1601 2550 Dux
1657 2491 2021 2574 Megalopom

1789 2581 1931 2640 lita-

378 2755 451 2826 a)
490 2758 671 2826 Georg
716 2757 882 2814 Kolb.
929 2757 994 2807 de
1041 2754 1209 2805 Serio.
1243 2753 1403 2806 Rom.
1446 2751 1578 2818 lmp.
1619 2769 1673 2821 p.
1708 2746 1829 2800 484.
1883 2747 2012 2798 item

449 2827 511 2878 L.
546 2826 614 2878 de
645 2832 854 2880 ratione
902 2830 1087 2880 Status
1130 2825 1359 2877 animae.
1401 2841 1444 2872 a.
1483 2820 1633 2873 1715.
1683 2818 1813 2872 edit.
1863 2816 2018 2904 Tys?

451 2914 575 2950 nav.
611 2917 668 2970 p.
700 2898 820 2953 202.
854 2929 921 2940 —-
956 2894 1080 2952 213.
1136 2893 1205 2966 b)
1257 2895 1464 2962 Jaeger.
1510 2893 1709 2947 Decen.
1748 2886 1831 2941 10.
1870 2887 1930 2941 L,
1966 2893 2030 2970 l.)

449 2986 494 3022 c.
537 2964 586 3022 9.

2090 2597 2097 2723 ³²
