2097 3726
574 188 873 246 IIistoria
918 188 1264 266 Slavotjnm.
1566 186 1642 242 25
1662 207 1681 240 ι

83 376 210 423 tem
258 361 702 446 Hungarorum
742 359 818 419 ad
866 358 1217 441 Augustam
1259 359 1770 432 Vindelicorum,

85 455 271 511 etiam
304 451 473 512 Slavi
513 451 631 510 sub
671 449 883 531 jugum
926 451 1125 521 missi,
1174 451 1298 508 imo
1338 472 1430 508 an.
1471 448 1617 531 960.
1665 470 1772 507 re·-

84 539 416 615 bellantes,
479 538 557 597 ab
604 541 827 596 Ottone
865 539 954 595 ΖΠ.
1001 540 1225 598 misere
1263 538 1570 619 suppressi
1616 547 1774 594 sunt.

86 629 167 706 a)
216 627 319 685 Ab
386 631 606 686 Ottone
659 626 734 684 II.
787 623 992 683 denuo
1047 624 1488 683 tumultuantes
1547 623 1622 683 ad
1674 647 1770 681 an.

83 719 228 797 987.
275 717 613 797 compositi.
660 715 954 773 Ceterum
1012 735 1107 780 an,
1165 712 1348 772 1056.
1411 712 1578 771 Slavi
1638 725 1774 770 tan-

91 815 217 863 tam
264 806 540 861 Henrico
580 802 687 862 ΙΙΙ.
728 800 1076 860 intulerunt
1123 799 1359 861 cladem
1404 801 1485 879 b)
1530 813 1599 858 ut
1641 802 1774 858 ani-

85 913 190 950 mo
246 913 426 972 aeger
479 890 891 950 occumberet.
958 890 1206 949 Horum
1257 892 1424 949 enim
1481 891 1777 970 Princeps

87 982 357 1039 Mistevo
391 979 787 1040 Germaniam
826 977 1117 1053 turbans,
1181 1001 1214 1036 a
1256 980 1623 1036 Bernhardo
1662 975 1776 1034 du-

80 1088 154 1126 ce
214 1067 661 1149 Luneburgico
715 1080 1062 1126 contemtus
1079 1115 1096 1141 ,
1151 1089 1371 1148 magna
1417 1064 1780 1126 crudelitate

85 1157 340 1228 saeviit,
389 1170 577 1237 prout
603 1169 664 1215 et
700 1153 827 1237 ejus
868 1174 1178 1214 successor
1218 1157 1646 1239 Godesclzalqns
1676 1176 1769 1210 an.

95 1243 278 1308 1065,
320 1243 719 1303 Germaniam
769 1243 920 1301 diris
972 1243 1478 1325 populationibus
1533 1246 1775 1301 Vastan-

80 1328 199 1405 do,
246 1331 606 1392 Sacerdotes
639 1328 994 1405 occidend0‚
1033 1330 1109 1389 ad
1144 1333 1573 1414 paganismum
1610 1327 1774 1389 redi-

82 1440 225 1494 ens,
289 1424 526 1480 cunctis
561 1421 789 1480 terrori
824 1418 980 1492 fuit,
1029 1419 1223 1479 donec
1261 1419 1322 1479 hi
1362 1419 1598 1479 Lusatii
1643 1416 1774 1474 Sla-

83 1507 260 1588 vic)
316 1532 410 1566 an.
473 1509 649 1569 1068.
704 1508 782 1567 ab
827 1510 1104 1564 IIenrico
1145 1509 1251 1569 IV.
1303 1510 1775 1589 supprimeren-

80 1606 203 1654 tur.
270 1596 369 1655 Ob
412 1620 566 1679 quas
601 1594 995 1654 crudelitates
1040 1594 1208 1652 Slavi
1263 1596 1498 1676 ubique
1555 1591 1771 1652 odium

79 1681 578 1745 Christianorum
614 1685 971 1765 Principum
991 1684 1399 1752 incurrente8‚
1439 1681 1631 1741 exitio
1665 1701 1777 1738 suo

79 1788 533 1854 properarunt,
604 1793 798 1854 quare
835 1771 1019 1830 etiam
1055 1769 1131 1829 ad
1173 1794 1267 1829 an.
1315 1767 1499 1829 1162.
1548 1766 1776 1826 Slavo-

81 1882 223 1918 rum
283 1860 545 1921 ditiones
603 1863 766 1918 circa
816 1880 985 1918 mare
1036 1859 1342 1918 Balticum
1399 1856 1486 1934 d)
1529 1858 1777 1941 penitus

78 1949 621 2009 exscindebantur.
682 1949 743 2006 A
785 1970 911 2029 quo
953 1961 1237 2032 tempore
1273 1945 1535 2029 dispersi
1574 1944 1778 2015 Slavi,

79 2033 263 2096 hodie
300 2040 488 2097 etiam
527 2035 656 2098 fere
691 2039 752 2096 in
786 2037 1076 2096 omnibus
1112 2037 1399 2119 Europae
1436 2033 1663 2116 regnis
1687 2033 1783 2091 in-

83 2128 460 2202 veniuntur,
530 2127 835 2209 imprimis
881 2138 1088 2185 autem
1141 2122 1477 2184 hodiernae
1520 2123 1778 2181 Monar-

80 2209 249 2273 chiae
291 2214 648 2275 Austriacae
680 2214 1010 2274 maximam
1043 2228 1287 2296 partem
1331 2212 1611 2272 Slavicae
1650 2211 1777 2269 ori-

83 2300 244 2380 ginis
271 2301 487 2382 populi
527 2316 757 2362 tenent.

264 2388 311 2466 ᾗ.
359 2392 433 2447 ΙΙ.
504 2393 730 2449 Status
775 2391 1121 2468 Religionis
1180 2391 1578 2449 Christianae
1621 2399 1776 2466 post

86 2476 423 2534 Inter-itam
477 2480 890 2537 Occidentalis
933 2479 1234 2553 Imperii,
1280 2501 1473 2556 usqae
1512 2481 1603 2536 ad
1641 2479 1780 2552 ejus

93 2568 645 2642 restaurationem,
682 2587 788 2627 sen
823 2565 903 2623 ab
942 2587 1040 2626 an.
1090 2565 1462 2647 476.1usque
1486 2588 1584 2626 an.
1635 2567 1780 2624 800.

1616 2655 1697 2710 In

157 2828 232 2888 a)
269 2825 434 2877 Idem.
476 2823 539 2877 L.
569 2823 622 2882 3.
661 2823 932 2878 Helmold.
971 2844 1018 2882 c.
1047 2823 1097 2879 9.
1131 2834 1185 2877 et
1219 2824 1303 2878 10.
1342 2823 1411 2898 b)
1448 2823 1784 2878 AContinu-

228 2905 378 2946 atore
417 2895 707 2949 Hermarni
743 2896 1051 2959 Comme-ti,
1105 2896 1172 2948 ad
1207 2915 1292 2950 an.
1333 2895 1486 2950 1056.
1522 2895 1784 2947 dicuntur

225 2964 373 3018 Slavi
414 2964 658 3019 Lintici.
695 2965 769 3036 c)
807 2965 1144 3019 HelmolduS.
1185 2966 1244 3020 L.
1280 2965 1332 3023 4.
1371 2986 1416 3019 c.
1449 2964 1534 3019 19.
1570 2963 1654 3018 20.
1688 2963 1778 3018 22.

228 3033 350 3086 fuse
369 3034 436 3086 de
471 3035 847 3089 Godeschalko
883 3036 1122 3098 disserit.
1151 3036 1224 3110 d)
1261 3035 1534 3091 Helmold.
1569 3035 1774 3090 Cliton.

224 3103 370 3159 Slav.
430 3107 492 3160 L.
546 3104 594 3159 1.
649 3126 699 3165 c.
737 3105 824 3161 88.
876 3124 990 3180 seq.
