2097 3726
362 136 480 193 508
800 130 1100 186 IIistoria
1132 130 1391 205 Imeprii

269 310 346 369 de
388 304 615 387 quibus
673 299 878 363 felices
929 305 1216 364 victorias
1275 308 1642 385 reportans,
1708 305 1952 364 amissas

269 400 334 454 in
390 392 565 452 Italia
619 392 972 473 provincias
1037 403 1449 473 recuperaret.
1537 389 1623 468 a)
1694 395 1954 452 Interim

269 483 468 543 filium
515 480 990 538 Constantinam
1031 478 1493 539 dilectissimum
1530 493 1735 539 morte
1774 482 1956 540 amis-

266 592 436 644 sum,
497 566 713 649 lugens
758 568 941 626 nimis
983 566 1197 627 videre
1249 568 1617 650 cupivisset,
1690 569 1959 626 leeoclo-

269 679 379 717 rus
428 655 902 713 Santabarenus
937 653 1279 714 Monachus
1325 669 1458 714 arte
1495 676 1751 736 magna,
1813 678 1955 716 eum

267 744 639 827 Imperatori
689 744 1137 824 praesentavit3
1203 756 1423 803 contra
1476 743 1745 802 alterum
1802 766 1957 803 vero

269 832 465 893 filium
515 833 782 888 Leonem
843 829 995 890 adeo
1058 832 1430 903 concitavit,
1518 844 1587 915 ut
1640 844 1961 912 tamquam

267 920 430 1006 patri
472 917 762 976 insidians
788 919 852 975 in
875 938 1149 978 carceres
1182 916 1596 999 conjiceretur
1632 920 1922 978 innocens
1943 962 1959 990 ,

269 1006 439 1067 unde
475 1019 680 1066 tamen
725 1003 800 1062 ad
856 1007 1393 1088 interpositionem
1439 1008 1835 1088 Magnatmn,
1899 1021 1962 1065 et

267 1097 509 1178 psittaci
561 1114 797 1154 vocem.
865 1095 1062 1151 Heu!
1119 1096 1390 1151 Domine
1451 1098 1613 1166 Leo,
1670 1108 1956 1177 tempore

270 1183 545 1242 convivii
588 1183 827 1264 saepius
866 1179 1333 1263 ingeminantiS‚
1379 1204 1521 1241 eum
1557 1182 1827 1242 liberum
1869 1180 1963 1239 di-

272 1273 481 1345 misit,
543 1272 726 1352 eique
769 1271 833 1327 in
866 1266 1095 1329 throno
1137 1272 1440 1328 successit.
1491 1270 1781 1330 Ceterum
1827 1274 1964 1329 Ba-

273 1362 450 1417 silias
490 1356 757 1441 justitiae
803 1379 1040 1433 amam,
1101 1360 1308 1417 omnia
1363 1359 1556 1417 officia
1611 1361 1764 1417 viris
1807 1360 1965 1416 inte-

278 1449 566 1529 gerrimis
614 1444 864 1520 detulit,
936 1447 998 1504 in
1045 1444 1294 1528 ‘judiciis
1342 1467 1629 1529 praesens
1656 1490 1671 1519 ,
1731 1445 1967 1505 solebat

278 1555 613 1616 praecones
642 1536 1126 1594 circummittere
1176 1557 1291 1616 per
1326 1534 1551 1593 urbem
1578 1579 1593 1607 ,
1661 1536 1772 1614 qui
1805 1556 1966 1591 nun-—

280 1623 520 1680 ciarent
565 1619 772 1681 adesse
811 1623 1261 1704 Imperatorem
1303 1619 1432 1703 ejus
1487 1644 1678 1704 opera
1723 1624 1816 1680 uti
1854 1643 1967 1691 vo:-

279 1707 569 1768 lentibus.
654 1707 878 1767 Aulico
930 1723 1178 1783 tamen,
1264 1713 1374 1792 qui
1432 1715 1880 1792 Imperatorem
1935 1731 1970 1768 e

279 1797 450 1855 cervi
488 1795 780 1855 cornibus
828 1795 1237 1871 liberaverat,
1296 1797 1442 1857 licet
1487 1799 1832 1880 praemium
1875 1819 1971 1857 as—

283 1885 654 1965 signaverit,
695 1896 899 1944 tamen
935 1906 1052 1966 pro
1093 1906 1201 1959 ec,
1242 1885 1411 1967 quod
1435 1885 1709 1967 gladium
1749 1899 1969 1944 contra

285 1971 737 2055 Imperatorem
779 1973 1155 2043 strinxisset,
1204 1987 1266 2032 et
1302 1996 1427 2033 non
1462 1976 1675 2056 potius
1711 1994 1972 2033 cervum

282 2061 729 2119 interremisset
791 2061 1007 2142 capitis
1051 2082 1315 2144 paenam
1370 2063 1719 2143 imperavit.
1803 2065 1970 2121 Inte-

281 2149 407 2205 rim
451 2146 687 2228 aliquot
727 2169 1033 2206 annorum
1073 2147 1238 2208 felici
1277 2149 1672 2231 expeditione
1717 2149 1972 2209 Sarace-

281 2255 394 2293 nos
455 2235 738 2309 vincens,
827 2237 893 2293 in
962 2238 1232 2294 maxima
1288 2237 1484 2319 gloria
1543 2250 1828 2298 mortuus
1881 2249 1972 2298 est

282 2343 377 2381 an.
427 2320 566 2381 886.

458 2412 589 2467 Leo
629 2412 1066 2488 Philosophus,
1128 2409 1289 2471 filius
1336 2414 1614 2488 Basilii,
1681 2413 1766 2472 ob
1811 2415 1969 2472 insi—

284 2519 470 2579 gnem
501 2495 846 2558 doctrinam
887 2501 1292 2575 Philosophus
1322 2499 1553 2576 dictus,
1599 2523 1820 2582 magna
1854 2523 1968 2560 no-

283 2586 466 2643 minis
515 2584 693 2646 laude
744 2589 1006 2669 imperio
1063 2587 1361 2671 praefuit,
1423 2589 1596 2649 urbis
1650 2603 1777 2648 tam
1826 2587 1969 2648 dili-

281 2685 527 2753 gentem
574 2694 787 2735 curam
844 2674 1100 2752 habuit,
1158 2690 1229 2736 ut
1286 2680 1418 2761 ipse
1473 2690 1664 2737 noctu
1706 2676 1968 2758 vigilan—

280 2763 428 2821 tiam
493 2762 817 2822 custodum
884 2763 1272 2848 exploraret,
1341 2789 1374 2824 a
1428 2767 1655 2849 quibus
1708 2763 1855 2824 licet
1906 2779 1969 2826 et

1652 2852 1877 2912 verhe-

355 3019 427 3088 a)
467 3020 638 3077 Idem.
674 3019 806 3072 ibid.
846 3021 1069 3076 Cedren.
1099 3025 1157 3078 in
1185 3025 1330 3082 Hist.
1363 3025 1707 3095 curopalates
1739 3026 1798 3077 in
1822 3024 1961 3078 Hist.
