2097 3726
530 215 828 271 Historia
879 210 1398 290 Anglosaxonum.
1585 232 1617 271 2
1635 231 1657 273 ι
1669 215 1707 273 5

102 390 496 471 naviganteS‚
556 411 705 448 mox
755 385 1018 449 adducta
1059 384 1296 468 majore
1340 387 1617 466 colonia,
1682 385 1795 449 ho·

98 479 290 537 stibus
332 479 576 539 fortiter
615 478 1011 537 restiterunt:
1073 475 1155 553 a)
1204 477 1329 536 imo
1372 477 1553 539 brevi
1607 480 1796 536 Wor-

99 571 269 642 tiger-
315 569 643 630 Britonum
689 587 844 639 reX,
914 566 1220 642 Hengisti
1266 563 1390 625 filia
1441 569 1685 644 Augila
1731 569 1796 625 in

103 676 365 718 uxorem
421 654 642 726 ducta,
703 656 847 737 ipsis
893 651 1244 712 Saxonibus
1294 653 1464 716 sedes
1512 657 1575 713 in
1638 656 1799 713 Can-

100 747 188 799 tio
230 745 573 825 assignavit.
637 744 878 804 Verum
921 762 1069 823 pace
1109 739 1220 800 hac
1263 756 1323 800 et
1363 745 1632 801 amicitia
1669 764 1797 803 non

99 830 207 893 diu
258 829 557 903 durante,
622 832 784 893 inter
838 832 1169 892 Britannos
1219 844 1281 892 et
1332 832 1604 893 Saxones
1658 852 1799 914 gra-

97 940 205 979 ves
238 917 641 979 dissensiones
681 933 824 978 sunt
869 932 1118 993 enatae,
1167 917 1334 979 unde
1379 920 1652 979 Saxones
1699 944 1799 979 ar-

97 1028 199 1069 ma
239 1006 378 1081 illa,
429 1029 590 1090 quae
631 1019 851 1067 contra
902 1007 1117 1066 Scotos
1159 1007 1474 1081 tulerunt,
1527 1009 1588 1067 in
1637 1011 1799 1092 ipsos

96 1097 426 1156 Britannos
473 1109 957 1170 converterunt,
1003 1094 1107 1155 sed
1154 1096 1235 1157 ab
1284 1098 1354 1158 iis
1411 1096 1653 1180 proelio
1709 1098 1806 1156 vi-

95 1183 218 1256 cti,
281 1198 344 1243 et
401 1207 497 1243 an.
552 1184 694 1245 456.
743 1186 1061 1244 Britannia
1104 1184 1385 1268 expulsi3
1446 1200 1511 1246 at
1546 1183 1804 1270 majori-

95 1270 209 1330 bus
271 1274 490 1355 copiis
538 1272 720 1336 brevi
775 1293 923 1333 cum
985 1271 1200 1333 furore
1262 1271 1630 1347 redeunteS‚
1721 1271 1803 1350 h)

93 1363 432 1421 commissis
487 1363 677 1425 variis
731 1360 1326 1444 dopopulationibus
1371 1376 1433 1422 et
1478 1361 1799 1434 caedibUS‚

92 1448 379 1508 Britanos
443 1447 803 1532 subjugatos
866 1448 945 1508 ad
992 1450 1229 1514 Valliae
1283 1464 1577 1512 montana
1627 1472 1799 1511 com-

94 1537 428 1618 pulerunt,
496 1538 805 1620 reliquam
845 1559 998 1597 vero
1049 1538 1323 1598 Insulam
1362 1540 1427 1596 in
1473 1560 1648 1598 suam
1683 1560 1800 1621 po·-

94 1638 374 1684 testatem
431 1626 842 1708 redegerunt:
910 1647 1035 1707 qua
1074 1625 1419 1708 occupandi
1466 1629 1798 1710 oportuni-

94 1725 219 1777 tate
261 1717 387 1787 usi,
456 1714 809 1798 complures
854 1714 1137 1775 civitates
1172 1716 1433 1798 sparsim
1468 1715 1799 1776 instituen-

94 1816 216 1874 teS,
297 1802 546 1863 tandem
598 1806 766 1864 circa
822 1825 1056 1862 annum
1125 1805 1266 1863 828.
1329 1824 1474 1863 cum
1524 1804 1800 1887 antiquis

93 1890 424 1956 Britonum
470 1891 723 1966 incolis,
792 1892 904 1975 qui
945 1912 1009 1954 se
1046 1893 1110 1953 in
1155 1891 1419 1953 Valliam
1452 1906 1515 1953 et
1553 1893 1799 1954 Britan-

93 1981 262 2037 niam
315 1980 619 2041 Gallicam
676 1979 998 2064 prioribus
1063 1979 1334 2042 turbidis
1405 1981 1797 2065 temporibus

93 2083 500 2151 receperant,
548 2071 613 2128 in
647 2092 835 2129 unam
873 2083 1155 2151 gentem,
1203 2083 1266 2129 et
1299 2093 1494 2130 unum
1526 2091 1795 2154 legnum

91 2155 474 2220 coaluerunt.
522 2195 607 2204 —
651 2158 906 2260 Reliqui
947 2170 1156 2219 autem
1202 2157 1517 2235 SaxoneS,
1581 2161 1692 2241 qui
1732 2159 1800 2218 in

95 2237 347 2325 antiqua
386 2249 585 2330 patria
632 2249 1077 2329 perstiteiunt,
1142 2249 1307 2307 avita
1346 2245 1718 2330 Majorum
1701 2270 1799 2307 in-

98 2335 350 2408 stituta,
411 2355 572 2416 quae
618 2335 1084 2416 antiquissimae
1127 2338 1387 2418 originis
1421 2333 1689 2419 figuram
1734 2349 1801 2396 et

100 2441 402 2494 norman,
496 2443 638 2484 cum
691 2421 952 2504 reliquis
1009 2423 1340 2485 Germanis
1397 2446 1796 2486 communem

97 2507 575 2592 praeferebant,
641 2508 783 2569 inde
834 2532 870 2567 a
928 2512 1317 2593 temporibus
1363 2515 1648 2572 Arminii
1697 2534 1797 2572 us-

97 2619 222 2680 que
266 2597 342 2657 ad
386 2601 815 2664 Wtekindum
861 2619 1049 2682 quam
1104 2601 1490 2663 strictissime
1528 2602 1792 2665 tueban-

1568 2704 1708 2766 tur,

169 2860 244 2923 a)
291 2859 419 2912 Ven.
458 2859 618 2914 Beda.
655 2860 715 2911 in
746 2860 883 2914 Hist.
915 2861 1060 2914 Eccl.
1091 2861 1224 2931 Ang.
1270 2863 1337 2920 L.
1372 2861 1422 2916 1.
1460 2881 1505 2915 c.
1548 2861 1631 2917 15.
1670 2862 1799 2921 Alb.

236 2928 443 2986 KranZ.
478 2931 546 2982 de
599 2930 722 2985 reb
776 2948 966 3001 regum
1016 2930 1214 2984 Saxon.
1259 2934 1323 2985 L.
1383 2933 1428 2987 1.
1485 2952 1533 2988 c.
1589 2933 1669 2987 19.
1725 2931 1798 3005 b)

246 2997 376 3053 Ven.
422 3002 584 3056 Beda.
618 3001 757 3054 Hist.
805 3003 948 3054 Eccl.
998 3003 1226 3073 Anglor.
1277 3004 1335 3055 L.
1378 3003 1424 3057 1.
1479 3025 1526 3062 c.
1571 3006 1650 3059 15.
1688 3005 1798 3056 Po-

234 3068 348 3138 lyd.
386 3072 590 3140 Vergil.
633 3072 693 3125 L.
741 3071 793 3130 3,
834 3083 889 3129 ot
925 3074 976 3128 4.
1008 3074 1076 3126 de
1113 3073 1229 3132 reb.
1269 3075 1500 3146 Anglor.
1541 3087 1594 3130 et
1640 3075 1801 3129 Insu-

234 3140 314 3199 lae
352 3142 638 3197 diviuone.
