<?xml version="1.0" encoding="UTF-8"?>
<!DOCTYPE html PUBLIC "-//W3C//DTD XHTML 1.0 Transitional//EN"
    "http://www.w3.org/TR/xhtml1/DTD/xhtml1-transitional.dtd">
<html xmlns="http://www.w3.org/1999/xhtml" xml:lang="en" lang="en">
 <head>
  <title>
</title>
<meta http-equiv="Content-Type" content="text/html;charset=utf-8" />
  <meta name='ocr-system' content='tesseract 3.04.00' />
  <meta name='ocr-capabilities' content='ocr_page ocr_carea ocr_par ocr_line ocrx_word'/>
</head>
<body>
  <div class='ocr_page' id='page_1' title='image "./historiauniversa02nagy_0416.png"; bbox 0 0 2097 3726; ppageno 0'>
   <div class='ocr_carea' id='block_1_1' title="bbox 437 155 1459 234">
    <p class='ocr_par' dir='ltr' id='par_1_1' title="bbox 437 155 1459 234">
     <span class='ocr_line' id='line_1_1' title="bbox 437 155 1459 234; baseline 0.003 -23"><span class='ocrx_word' id='word_1_1' title='bbox 437 155 562 215; x_wconf 75' lang='lat'>596</span> <span class='ocrx_word' id='word_1_2' title='bbox 853 157 1152 215; x_wconf 64' lang='lat' dir='ltr'>llis-toria</span> <span class='ocrx_word' id='word_1_3' title='bbox 1194 159 1459 234; x_wconf 69' lang='lat' dir='ltr'>Imperii</span> 
     </span>
    </p>
   </div>
   <div class='ocr_carea' id='block_1_2' title="bbox 332 327 2039 2274">
    <p class='ocr_par' dir='ltr' id='par_1_2' title="bbox 332 327 2039 2274">
     <span class='ocr_line' id='line_1_2' title="bbox 341 327 2036 408; baseline 0.004 -22"><span class='ocrx_word' id='word_1_4' title='bbox 341 327 528 408; x_wconf 88' lang='lat' dir='ltr'>longo</span> <span class='ocrx_word' id='word_1_5' title='bbox 572 330 850 388; x_wconf 79' lang='lat' dir='ltr'>cruciatu</span> <span class='ocrx_word' id='word_1_6' title='bbox 906 329 1243 393; x_wconf 84' lang='lat' dir='ltr'>laceratum</span> <span class='ocrx_word' id='word_1_7' title='bbox 1293 332 1369 393; x_wconf 84' lang='lat' dir='ltr'>ad</span> <span class='ocrx_word' id='word_1_8' title='bbox 1424 335 1679 395; x_wconf 80' lang='lat' dir='ltr'>Portam</span> <span class='ocrx_word' id='word_1_9' title='bbox 1737 353 1882 392; x_wconf 90' lang='lat' dir='ltr'>cum</span> <span class='ocrx_word' id='word_1_10' title='bbox 1943 355 2036 398; x_wconf 79' lang='lat'>12.</span> 
     </span>
     <span class='ocr_line' id='line_1_3' title="bbox 343 417 2036 507; baseline 0.005 -34"><span class='ocrx_word' id='word_1_11' title='bbox 343 419 521 474; x_wconf 89' lang='lat' dir='ltr'>sociis</span> <span class='ocrx_word' id='word_1_12' title='bbox 565 417 858 499; x_wconf 83' lang='lat' dir='ltr'>suspendi</span> <span class='ocrx_word' id='word_1_13' title='bbox 909 417 1096 501; x_wconf 87' lang='lat' dir='ltr'>jussit.</span> <span class='ocrx_word' id='word_1_14' title='bbox 1167 422 1484 507; x_wconf 85' lang='lat' dir='ltr'>Antipapa</span> <span class='ocrx_word' id='word_1_15' title='bbox 1528 445 1682 483; x_wconf 91' lang='lat' dir='ltr'>vero</span> <span class='ocrx_word' id='word_1_16' title='bbox 1735 444 1769 479; x_wconf 88' lang='lat' dir='ltr'>a</span> <span class='ocrx_word' id='word_1_17' title='bbox 1805 422 2036 504; x_wconf 85' lang='lat' dir='ltr'>populo</span> 
     </span>
     <span class='ocr_line' id='line_1_4' title="bbox 342 505 2031 591; baseline 0.005 -31"><span class='ocrx_word' id='word_1_18' title='bbox 342 505 535 586; x_wconf 89' lang='lat' dir='ltr'>virgis</span> <span class='ocrx_word' id='word_1_19' title='bbox 570 526 810 579; x_wconf 79' lang='lat' dir='ltr'>caesus,</span> <span class='ocrx_word' id='word_1_20' title='bbox 877 509 1067 568; x_wconf 91' lang='lat' dir='ltr'>oculis</span> <span class='ocrx_word' id='word_1_21' title='bbox 1104 513 1413 591; x_wconf 68' lang='lat' dir='ltr'>privatim,</span> <span class='ocrx_word' id='word_1_22' title='bbox 1475 525 1538 572; x_wconf 83' lang='lat' dir='ltr'>et</span> <span class='ocrx_word' id='word_1_23' title='bbox 1575 510 1890 571; x_wconf 89' lang='lat' dir='ltr'>confossus</span> <span class='ocrx_word' id='word_1_24' title='bbox 1925 523 2031 577; x_wconf 83' lang='lat' dir='ltr'>est,</span> 
     </span>
     <span class='ocr_line' id='line_1_5' title="bbox 343 593 2031 677; baseline 0.004 -27"><span class='ocrx_word' id='word_1_25' title='bbox 343 595 415 650; x_wconf 90' lang='lat' dir='ltr'>In</span> <span class='ocrx_word' id='word_1_26' title='bbox 474 593 624 652; x_wconf 84' lang='lat' dir='ltr'>alios</span> <span class='ocrx_word' id='word_1_27' title='bbox 685 616 938 677; x_wconf 79' lang='lat' dir='ltr'>quoque</span> <span class='ocrx_word' id='word_1_28' title='bbox 993 599 1343 659; x_wconf 78' lang='lat' dir='ltr'>turbatores</span> <span class='ocrx_word' id='word_1_29' title='bbox 1395 600 1584 660; x_wconf 77' lang='lat' dir='ltr'>exilio</span> <span class='ocrx_word' id='word_1_30' title='bbox 1636 597 2031 658; x_wconf 86' lang='lat' dir='ltr'>animadver-</span> 
     </span>
     <span class='ocr_line' id='line_1_6' title="bbox 343 685 2037 765; baseline 0.003 -26"><span class='ocrx_word' id='word_1_31' title='bbox 343 692 481 739; x_wconf 87' lang='lat' dir='ltr'>tens</span> <span class='ocrx_word' id='word_1_32' title='bbox 523 685 893 760; x_wconf 72' lang='lat' dir='ltr'>Gregoricam</span> <span class='ocrx_word' id='word_1_33' title='bbox 940 689 1015 744; x_wconf 88' lang='lat' dir='ltr'>V.</span> <span class='ocrx_word' id='word_1_34' title='bbox 1057 687 1420 748; x_wconf 83' lang='lat' dir='ltr'>Pontificem</span> <span class='ocrx_word' id='word_1_35' title='bbox 1457 687 1585 747; x_wconf 86' lang='lat' dir='ltr'>sedi</span> <span class='ocrx_word' id='word_1_36' title='bbox 1617 688 1904 747; x_wconf 82' lang='lat' dir='ltr'>restituit.</span> <span class='ocrx_word' id='word_1_37' title='bbox 1952 687 2037 765; x_wconf 84' lang='lat' dir='ltr'>a)</span> 
     </span>
     <span class='ocr_line' id='line_1_7' title="bbox 339 770 2034 840; baseline 0.005 -15"><span class='ocrx_word' id='word_1_38' title='bbox 339 770 478 840; x_wconf 89' lang='lat' dir='ltr'>Quo</span> <span class='ocrx_word' id='word_1_39' title='bbox 535 771 852 830; x_wconf 80' lang='lat' dir='ltr'>adnitente</span> <span class='ocrx_word' id='word_1_40' title='bbox 905 788 972 831; x_wconf 91' lang='lat' dir='ltr'>ut</span> <span class='ocrx_word' id='word_1_41' title='bbox 1024 777 1083 832; x_wconf 91' lang='lat' dir='ltr'>in</span> <span class='ocrx_word' id='word_1_42' title='bbox 1138 774 1420 834; x_wconf 85' lang='lat' dir='ltr'>futurum</span> <span class='ocrx_word' id='word_1_43' title='bbox 1489 776 1710 836; x_wconf 84' lang='lat' dir='ltr'>electio</span> <span class='ocrx_word' id='word_1_44' title='bbox 1765 776 2034 833; x_wconf 79' lang='lat' dir='ltr'>Romani</span> 
     </span>
     <span class='ocr_line' id='line_1_8' title="bbox 341 859 2039 945; baseline 0.002 -29"><span class='ocrx_word' id='word_1_45' title='bbox 341 862 746 940; x_wconf 77' lang='lat' dir='ltr'>Imperat-oris</span> <span class='ocrx_word' id='word_1_46' title='bbox 791 859 955 920; x_wconf 87' lang='lat' dir='ltr'>foret</span> <span class='ocrx_word' id='word_1_47' title='bbox 997 861 1279 945; x_wconf 77' lang='lat' dir='ltr'>pacifica,</span> <span class='ocrx_word' id='word_1_48' title='bbox 1328 865 1721 925; x_wconf 82' lang='lat' dir='ltr'>electoralem</span> <span class='ocrx_word' id='word_1_49' title='bbox 1771 863 2039 945; x_wconf 84' lang='lat' dir='ltr'>dignita-</span> 
     </span>
     <span class='ocr_line' id='line_1_9' title="bbox 336 949 2031 1035; baseline 0.004 -33"><span class='ocrx_word' id='word_1_50' title='bbox 336 958 463 1005; x_wconf 87' lang='lat' dir='ltr'>tem</span> <span class='ocrx_word' id='word_1_51' title='bbox 504 949 640 1007; x_wconf 84' lang='lat' dir='ltr'>VII.</span> <span class='ocrx_word' id='word_1_52' title='bbox 683 949 984 1008; x_wconf 85' lang='lat' dir='ltr'>Virorum</span> <span class='ocrx_word' id='word_1_53' title='bbox 1025 954 1379 1032; x_wconf 79' lang='lat' dir='ltr'>excogitans</span> <span class='ocrx_word' id='word_1_54' title='bbox 1422 953 1669 1035; x_wconf 85' lang='lat' dir='ltr'>publica</span> <span class='ocrx_word' id='word_1_55' title='bbox 1721 953 2031 1010; x_wconf 86' lang='lat' dir='ltr'>constitu-</span> 
     </span>
     <span class='ocr_line' id='line_1_10' title="bbox 340 1037 2036 1120; baseline 0.004 -29"><span class='ocrx_word' id='word_1_56' title='bbox 340 1037 543 1107; x_wconf 84' lang='lat' dir='ltr'>tione,</span> <span class='ocrx_word' id='word_1_57' title='bbox 593 1038 993 1118; x_wconf 81' lang='lat' dir='ltr'>Imperatoris</span> <span class='ocrx_word' id='word_1_58' title='bbox 1033 1038 1301 1120; x_wconf 85' lang='lat' dir='ltr'>eligendi</span> <span class='ocrx_word' id='word_1_59' title='bbox 1343 1043 1451 1100; x_wconf 88' lang='lat' dir='ltr'>Jus</span> <span class='ocrx_word' id='word_1_60' title='bbox 1489 1041 1816 1101; x_wconf 84' lang='lat' dir='ltr'>Germanis</span> <span class='ocrx_word' id='word_1_61' title='bbox 1854 1041 2036 1098; x_wconf 69' lang='lat' dir='ltr'>Prin-</span> 
     </span>
     <span class='ocr_line' id='line_1_11' title="bbox 335 1123 2032 1211; baseline 0.005 -31"><span class='ocrx_word' id='word_1_62' title='bbox 335 1123 581 1204; x_wconf 76' lang='lat' dir='ltr'>cipibus</span> <span class='ocrx_word' id='word_1_63' title='bbox 622 1128 912 1199; x_wconf 73' lang='lat' dir='ltr'>assefflit,</span> <span class='ocrx_word' id='word_1_64' title='bbox 959 1129 1030 1204; x_wconf 75' lang='lat' dir='ltr'>b)</span> <span class='ocrx_word' id='word_1_65' title='bbox 1075 1126 1240 1187; x_wconf 85' lang='lat' dir='ltr'>uude</span> <span class='ocrx_word' id='word_1_66' title='bbox 1280 1126 1412 1211; x_wconf 88' lang='lat' dir='ltr'>ejus</span> <span class='ocrx_word' id='word_1_67' title='bbox 1430 1133 1781 1206; x_wconf 71' lang='lat' dir='ltr'>prudentia</span> <span class='ocrx_word' id='word_1_68' title='bbox 1817 1130 2032 1211; x_wconf 82' lang='lat' dir='ltr'>patuit.</span> 
     </span>
     <span class='ocr_line' id='line_1_12' title="bbox 344 1212 2031 1302; baseline 0.004 -34"><span class='ocrx_word' id='word_1_69' title='bbox 344 1213 743 1270; x_wconf 74' lang='lat' dir='ltr'>Clementicmz</span> <span class='ocrx_word' id='word_1_70' title='bbox 788 1212 1071 1274; x_wconf 76' lang='lat' dir='ltr'>exhibuit</span> <span class='ocrx_word' id='word_1_71' title='bbox 1125 1219 1383 1274; x_wconf 76' lang='lat' dir='ltr'>Mariae</span> <span class='ocrx_word' id='word_1_72' title='bbox 1432 1217 1720 1302; x_wconf 76' lang='lat' dir='ltr'>conjugi,</span> <span class='ocrx_word' id='word_1_73' title='bbox 1797 1218 1897 1274; x_wconf 89' lang='lat' dir='ltr'>cui</span> <span class='ocrx_word' id='word_1_74' title='bbox 1947 1216 2031 1275; x_wconf 86' lang='lat' dir='ltr'>ob</span> 
     </span>
     <span class='ocr_line' id='line_1_13' title="bbox 339 1301 2035 1389; baseline 0.003 -32"><span class='ocrx_word' id='word_1_75' title='bbox 339 1322 472 1358; x_wconf 84' lang='lat' dir='ltr'>rem</span> <span class='ocrx_word' id='word_1_76' title='bbox 515 1321 662 1360; x_wconf 84' lang='lat' dir='ltr'>cum</span> <span class='ocrx_word' id='word_1_77' title='bbox 702 1301 927 1384; x_wconf 88' lang='lat' dir='ltr'>juvene</span> <span class='ocrx_word' id='word_1_78' title='bbox 966 1303 1236 1386; x_wconf 84' lang='lat' dir='ltr'>quodam</span> <span class='ocrx_word' id='word_1_79' title='bbox 1287 1302 1564 1366; x_wconf 84' lang='lat' dir='ltr'>habitam</span> <span class='ocrx_word' id='word_1_80' title='bbox 1620 1308 1891 1389; x_wconf 78' lang='lat' dir='ltr'>ignovit:</span> <span class='ocrx_word' id='word_1_81' title='bbox 1952 1307 2035 1363; x_wconf 65' lang='lat' dir='ltr'>si-</span> 
     </span>
     <span class='ocr_line' id='line_1_14' title="bbox 339 1391 2024 1454; baseline 0.004 -9"><span class='ocrx_word' id='word_1_82' title='bbox 339 1391 464 1445; x_wconf 87' lang='lat' dir='ltr'>cuti</span> <span class='ocrx_word' id='word_1_83' title='bbox 543 1403 604 1448; x_wconf 88' lang='lat' dir='ltr'>et</span> <span class='ocrx_word' id='word_1_84' title='bbox 666 1394 943 1448; x_wconf 70' lang='lat' dir='ltr'>I-Ienrico</span> <span class='ocrx_word' id='word_1_85' title='bbox 1014 1396 1251 1451; x_wconf 78' lang='lat' dir='ltr'>Rixoso</span> <span class='ocrx_word' id='word_1_86' title='bbox 1346 1396 1675 1454; x_wconf 86' lang='lat' dir='ltr'>Bavariam</span> <span class='ocrx_word' id='word_1_87' title='bbox 1735 1395 2024 1452; x_wconf 86' lang='lat' dir='ltr'>restituit.</span> 
     </span>
     <span class='ocr_line' id='line_1_15' title="bbox 336 1474 2031 1558; baseline 0.003 -24"><span class='ocrx_word' id='word_1_88' title='bbox 336 1474 875 1555; x_wconf 59' lang='lat' dir='ltr'>Jlffagtzq‘lz&#39;cenciclm</span> <span class='ocrx_word' id='word_1_89' title='bbox 928 1482 992 1538; x_wconf 90' lang='lat' dir='ltr'>in</span> <span class='ocrx_word' id='word_1_90' title='bbox 1026 1481 1279 1542; x_wconf 85' lang='lat' dir='ltr'>Polonia</span> <span class='ocrx_word' id='word_1_91' title='bbox 1319 1482 1622 1558; x_wconf 78' lang='lat' dir='ltr'>ostendit,</span> <span class='ocrx_word' id='word_1_92' title='bbox 1677 1483 1786 1544; x_wconf 84' lang='lat' dir='ltr'>ubi</span> <span class='ocrx_word' id='word_1_93' title='bbox 1841 1485 2031 1539; x_wconf 72' lang='lat' dir='ltr'>Bole-</span> 
     </span>
     <span class='ocr_line' id='line_1_16' title="bbox 337 1568 2030 1655; baseline 0.005 -34"><span class='ocrx_word' id='word_1_94' title='bbox 337 1568 538 1625; x_wconf 68' lang='lat' dir='ltr'>slaum</span> <span class='ocrx_word' id='word_1_95' title='bbox 583 1591 658 1628; x_wconf 75' lang='lat' dir='ltr'>ex</span> <span class='ocrx_word' id='word_1_96' title='bbox 715 1570 886 1629; x_wconf 91' lang='lat' dir='ltr'>Duce</span> <span class='ocrx_word' id='word_1_97' title='bbox 933 1572 1002 1628; x_wconf 64' lang='lat' dir='ltr'>⁴in</span> <span class='ocrx_word' id='word_1_98' title='bbox 1054 1571 1292 1652; x_wconf 81' lang='lat' dir='ltr'>Regem</span> <span class='ocrx_word' id='word_1_99' title='bbox 1343 1574 1784 1655; x_wconf 84' lang='lat' dir='ltr'>inauguravit,</span> <span class='ocrx_word' id='word_1_100' title='bbox 1845 1573 2030 1653; x_wconf 84' lang='lat' dir='ltr'>eique</span> 
     </span>
     <span class='ocr_line' id='line_1_17' title="bbox 333 1653 2024 1744; baseline 0.004 -34"><span class='ocrx_word' id='word_1_101' title='bbox 333 1653 644 1714; x_wconf 77' lang='lat' dir='ltr'>Coronam</span> <span class='ocrx_word' id='word_1_102' title='bbox 693 1659 972 1716; x_wconf 75' lang='lat' dir='ltr'>Gtzestzcze</span> <span class='ocrx_word' id='word_1_103' title='bbox 1022 1660 1304 1719; x_wconf 89' lang='lat' dir='ltr'>manibus</span> <span class='ocrx_word' id='word_1_104' title='bbox 1344 1663 1467 1721; x_wconf 90' lang='lat' dir='ltr'>suis</span> <span class='ocrx_word' id='word_1_105' title='bbox 1505 1663 1829 1744; x_wconf 83' lang='lat' dir='ltr'>imposuit3</span> <span class='ocrx_word' id='word_1_106' title='bbox 1879 1681 2024 1742; x_wconf 81' lang='lat' dir='ltr'>pro-</span> 
     </span>
     <span class='ocr_line' id='line_1_18' title="bbox 333 1746 2025 1831; baseline 0.006 -33"><span class='ocrx_word' id='word_1_107' title='bbox 333 1755 404 1798; x_wconf 90' lang='lat' dir='ltr'>ut</span> <span class='ocrx_word' id='word_1_108' title='bbox 449 1757 510 1802; x_wconf 86' lang='lat' dir='ltr'>et</span> <span class='ocrx_word' id='word_1_109' title='bbox 560 1746 879 1825; x_wconf 79' lang='lat' dir='ltr'>Hungaria</span> <span class='ocrx_word' id='word_1_110' title='bbox 920 1769 991 1806; x_wconf 94' lang='lat' dir='ltr'>eo</span> <span class='ocrx_word' id='word_1_111' title='bbox 1043 1750 1417 1810; x_wconf 86' lang='lat' dir='ltr'>connivente</span> <span class='ocrx_word' id='word_1_112' title='bbox 1457 1752 1726 1831; x_wconf 82' lang='lat' dir='ltr'>Regium</span> <span class='ocrx_word' id='word_1_113' title='bbox 1772 1747 2025 1808; x_wconf 84' lang='lat' dir='ltr'>titulum</span> 
     </span>
     <span class='ocr_line' id='line_1_19' title="bbox 333 1835 2025 1916; baseline 0.003 -28"><span class='ocrx_word' id='word_1_114' title='bbox 333 1851 636 1913; x_wconf 82' lang='lat' dir='ltr'>usurpare</span> <span class='ocrx_word' id='word_1_115' title='bbox 678 1838 918 1916; x_wconf 78' lang='lat' dir='ltr'>coepit,</span> <span class='ocrx_word' id='word_1_116' title='bbox 987 1857 1174 1916; x_wconf 86' lang='lat' dir='ltr'>quem</span> <span class='ocrx_word' id='word_1_117' title='bbox 1209 1835 1354 1896; x_wconf 88' lang='lat' dir='ltr'>dein</span> <span class='ocrx_word' id='word_1_118' title='bbox 1401 1838 1459 1896; x_wconf 89' lang='lat' dir='ltr'>S.</span> <span class='ocrx_word' id='word_1_119' title='bbox 1511 1842 1826 1896; x_wconf 74' lang='lat' dir='ltr'>Henm‘cas</span> <span class='ocrx_word' id='word_1_120' title='bbox 1876 1858 2025 1894; x_wconf 82' lang='lat' dir='ltr'>con-</span> 
     </span>
     <span class='ocr_line' id='line_1_20' title="bbox 337 1918 2027 1987; baseline 0.002 -9"><span class='ocrx_word' id='word_1_121' title='bbox 337 1918 626 1980; x_wconf 85' lang='lat' dir='ltr'>firmavit.</span> <span class='ocrx_word' id='word_1_122' title='bbox 696 1923 937 1981; x_wconf 85' lang='lat' dir='ltr'>Statum</span> <span class='ocrx_word' id='word_1_123' title='bbox 980 1925 1162 1982; x_wconf 87' lang='lat' dir='ltr'>etiam</span> <span class='ocrx_word' id='word_1_124' title='bbox 1218 1924 1628 1986; x_wconf 83' lang='lat' dir='ltr'>Subditorum</span> <span class='ocrx_word' id='word_1_125' title='bbox 1670 1948 1926 1987; x_wconf 85' lang='lat' dir='ltr'>suorum</span> <span class='ocrx_word' id='word_1_126' title='bbox 1965 1937 2027 1983; x_wconf 84' lang='lat' dir='ltr'>et</span> 
     </span>
     <span class='ocr_line' id='line_1_21' title="bbox 332 2007 2026 2094; baseline 0.002 -28"><span class='ocrx_word' id='word_1_127' title='bbox 332 2008 588 2068; x_wconf 86' lang='lat' dir='ltr'>urbium</span> <span class='ocrx_word' id='word_1_128' title='bbox 637 2007 967 2093; x_wconf 86' lang='lat' dir='ltr'>diligenter</span> <span class='ocrx_word' id='word_1_129' title='bbox 1018 2013 1361 2094; x_wconf 84' lang='lat' dir='ltr'>inquisivit.</span> <span class='ocrx_word' id='word_1_130' title='bbox 1453 2017 1756 2074; x_wconf 65' lang='lat' dir='ltr'>Jcastiticze</span> <span class='ocrx_word' id='word_1_131' title='bbox 1816 2035 2026 2073; x_wconf 48' lang='lat' dir='ltr'>exem-³</span> 
     </span>
     <span class='ocr_line' id='line_1_22' title="bbox 332 2096 2025 2188; baseline 0.002 -34"><span class='ocrx_word' id='word_1_132' title='bbox 332 2096 506 2181; x_wconf 87' lang='lat' dir='ltr'>plum</span> <span class='ocrx_word' id='word_1_133' title='bbox 564 2101 627 2158; x_wconf 91' lang='lat' dir='ltr'>in</span> <span class='ocrx_word' id='word_1_134' title='bbox 686 2122 882 2162; x_wconf 74' lang='lat' dir='ltr'>uxore</span> <span class='ocrx_word' id='word_1_135' title='bbox 932 2122 1041 2161; x_wconf 87' lang='lat' dir='ltr'>sua</span> <span class='ocrx_word' id='word_1_136' title='bbox 1091 2104 1315 2160; x_wconf 74' lang='lat' dir='ltr'>Maria</span> <span class='ocrx_word' id='word_1_137' title='bbox 1371 2103 1680 2188; x_wconf 83' lang='lat' dir='ltr'>impudica</span> <span class='ocrx_word' id='word_1_138' title='bbox 1725 2102 2025 2183; x_wconf 80' lang='lat' dir='ltr'>reliquit,</span> 
     </span>
     <span class='ocr_line' id='line_1_23' title="bbox 1782 2211 1940 2274; baseline 0.019 -26"><span class='ocrx_word' id='word_1_139' title='bbox 1782 2211 1940 2274; x_wconf 77' lang='lat' dir='ltr'>quae</span> 
     </span>
    </p>
   </div>
   <div class='ocr_carea' id='block_1_3' title="bbox 336 2276 650 2293">
    <p class='ocr_par' dir='ltr' id='par_1_3' title="bbox 336 2276 650 2293">
     <span class='ocr_line' id='line_1_24' title="bbox 336 2276 650 2293; baseline 0 1433"><span class='ocrx_word' id='word_1_140' title='bbox 336 2276 650 2293; x_wconf 95' lang='lat' dir='ltr'> </span> 
     </span>
    </p>
   </div>
   <div class='ocr_carea' id='block_1_4' title="bbox 402 2359 2024 3136">
    <p class='ocr_par' dir='ltr' id='par_1_4' title="bbox 402 2359 2024 3136">
     <span class='ocr_line' id='line_1_25' title="bbox 402 2359 2023 2432; baseline 0.002 -22"><span class='ocrx_word' id='word_1_141' title='bbox 402 2360 474 2423; x_wconf 83' lang='lat' dir='ltr'>a)</span> <span class='ocrx_word' id='word_1_142' title='bbox 519 2359 748 2415; x_wconf 82' lang='lat' dir='ltr'>Ditmar.</span> <span class='ocrx_word' id='word_1_143' title='bbox 778 2361 841 2416; x_wconf 89' lang='lat' dir='ltr'>L.</span> <span class='ocrx_word' id='word_1_144' title='bbox 877 2359 926 2412; x_wconf 82' lang='grc'>4.</span> <span class='ocrx_word' id='word_1_145' title='bbox 965 2380 1021 2432; x_wconf 77' lang='grc' dir='ltr'>Ρ,</span> <span class='ocrx_word' id='word_1_146' title='bbox 1067 2360 1189 2419; x_wconf 72' lang='lat'>354.</span> <span class='ocrx_word' id='word_1_147' title='bbox 1229 2360 1565 2429; x_wconf 78' lang='lat' dir='ltr'>ArnulphuS.</span> <span class='ocrx_word' id='word_1_148' title='bbox 1603 2360 1669 2413; x_wconf 85' lang='lat' dir='ltr'>de</span> <span class='ocrx_word' id='word_1_149' title='bbox 1702 2363 1862 2432; x_wconf 80' lang='lat' dir='ltr'>gestis</span> <span class='ocrx_word' id='word_1_150' title='bbox 1900 2365 2023 2413; x_wconf 76' lang='lat' dir='ltr'>Me-</span> 
     </span>
     <span class='ocr_line' id='line_1_26' title="bbox 472 2429 2024 2490; baseline 0.002 -10"><span class='ocrx_word' id='word_1_151' title='bbox 472 2430 673 2482; x_wconf 82' lang='lat' dir='ltr'>diolau.</span> <span class='ocrx_word' id='word_1_152' title='bbox 721 2433 785 2487; x_wconf 84' lang='lat' dir='ltr'>L.</span> <span class='ocrx_word' id='word_1_153' title='bbox 834 2429 877 2483; x_wconf 86' lang='grc'>1.</span> <span class='ocrx_word' id='word_1_154' title='bbox 935 2453 976 2484; x_wconf 87' lang='lat' dir='ltr'>c.</span> <span class='ocrx_word' id='word_1_155' title='bbox 1027 2432 1111 2488; x_wconf 78' lang='grc'>10.</span> <span class='ocrx_word' id='word_1_156' title='bbox 1163 2435 1361 2487; x_wconf 82' lang='lat' dir='ltr'>Chron.</span> <span class='ocrx_word' id='word_1_157' title='bbox 1413 2433 1589 2484; x_wconf 68' lang='lat' dir='ltr'>Casini.</span> <span class='ocrx_word' id='word_1_158' title='bbox 1645 2436 1710 2490; x_wconf 78' lang='lat' dir='ltr'>L.</span> <span class='ocrx_word' id='word_1_159' title='bbox 1748 2435 1801 2490; x_wconf 75' lang='grc'>2,</span> <span class='ocrx_word' id='word_1_160' title='bbox 1857 2451 1902 2484; x_wconf 85' lang='lat' dir='ltr'>c.</span> <span class='ocrx_word' id='word_1_161' title='bbox 1938 2431 2024 2489; x_wconf 76' lang='grc'>13,</span> 
     </span>
     <span class='ocr_line' id='line_1_27' title="bbox 471 2503 2023 2575; baseline 0 -24"><span class='ocrx_word' id='word_1_162' title='bbox 471 2504 610 2551; x_wconf 83' lang='lat' dir='ltr'>Anu.</span> <span class='ocrx_word' id='word_1_163' title='bbox 661 2503 823 2556; x_wconf 68' lang='lat' dir='ltr'>Saxo,</span> <span class='ocrx_word' id='word_1_164' title='bbox 876 2503 943 2553; x_wconf 79' lang='lat' dir='ltr'>ad</span> <span class='ocrx_word' id='word_1_165' title='bbox 995 2523 1045 2561; x_wconf 69' lang='lat' dir='ltr'>a.</span> <span class='ocrx_word' id='word_1_166' title='bbox 1089 2503 1208 2556; x_wconf 87' lang='grc'><strong>998.</strong></span> <span class='ocrx_word' id='word_1_167' title='bbox 1263 2504 1338 2575; x_wconf 82' lang='lat' dir='ltr'>b)</span> <span class='ocrx_word' id='word_1_168' title='bbox 1388 2503 1703 2555; x_wconf 80' lang='lat' dir='ltr'>Electorum</span> <span class='ocrx_word' id='word_1_169' title='bbox 1751 2505 2023 2572; x_wconf 80' lang='lat' dir='ltr'>originem</span> 
     </span>
     <span class='ocr_line' id='line_1_28' title="bbox 473 2573 2022 2641; baseline 0.002 -21"><span class='ocrx_word' id='word_1_170' title='bbox 473 2573 696 2641; x_wconf 77' lang='lat' dir='ltr'>quidam</span> <span class='ocrx_word' id='word_1_171' title='bbox 742 2574 847 2623; x_wconf 87' lang='lat' dir='ltr'>huc</span> <span class='ocrx_word' id='word_1_172' title='bbox 905 2573 1043 2626; x_wconf 81' lang='lat' dir='ltr'>falso</span> <span class='ocrx_word' id='word_1_173' title='bbox 1092 2574 1359 2628; x_wconf 80' lang='lat' dir='ltr'>referunt.</span> <span class='ocrx_word' id='word_1_174' title='bbox 1401 2574 1521 2626; x_wconf 85' lang='lat' dir='ltr'>vide</span> <span class='ocrx_word' id='word_1_175' title='bbox 1561 2574 1794 2626; x_wconf 81' lang='lat' dir='ltr'>Sethum</span> <span class='ocrx_word' id='word_1_176' title='bbox 1842 2574 2022 2625; x_wconf 80' lang='lat' dir='ltr'>Calvi-</span> 
     </span>
     <span class='ocr_line' id='line_1_29' title="bbox 470 2643 2017 2699; baseline 0.001 -7"><span class='ocrx_word' id='word_1_177' title='bbox 470 2646 611 2692; x_wconf 81' lang='lat' dir='ltr'>sium</span> <span class='ocrx_word' id='word_1_178' title='bbox 655 2643 707 2692; x_wconf 84' lang='lat' dir='ltr'>iu</span> <span class='ocrx_word' id='word_1_179' title='bbox 746 2643 915 2695; x_wconf 84' lang='lat' dir='ltr'>Thesi</span> <span class='ocrx_word' id='word_1_180' title='bbox 954 2645 1156 2696; x_wconf 87' lang='lat' dir='ltr'>Chron.</span> <span class='ocrx_word' id='word_1_181' title='bbox 1210 2665 1293 2699; x_wconf 83' lang='lat' dir='ltr'>an.</span> <span class='ocrx_word' id='word_1_182' title='bbox 1347 2643 1468 2698; x_wconf 86' lang='grc'><strong>998.</strong></span> <span class='ocrx_word' id='word_1_183' title='bbox 1518 2646 1637 2696; x_wconf 87' lang='lat' dir='ltr'>sim.</span> <span class='ocrx_word' id='word_1_184' title='bbox 1690 2644 2017 2696; x_wconf 82' lang='lat' dir='ltr'>Schardium</span> 
     </span>
     <span class='ocr_line' id='line_1_30' title="bbox 467 2713 2020 2784; baseline 0.001 -22"><span class='ocrx_word' id='word_1_185' title='bbox 467 2713 534 2762; x_wconf 81' lang='lat' dir='ltr'>dc</span> <span class='ocrx_word' id='word_1_186' title='bbox 567 2715 879 2764; x_wconf 77' lang='lat' dir='ltr'>Electorum</span> <span class='ocrx_word' id='word_1_187' title='bbox 934 2717 1145 2784; x_wconf 85' lang='lat' dir='ltr'>origine</span> <span class='ocrx_word' id='word_1_188' title='bbox 1191 2717 1390 2769; x_wconf 87' lang='lat' dir='ltr'>Bernh.</span> <span class='ocrx_word' id='word_1_189' title='bbox 1432 2734 1478 2767; x_wconf 86' lang='lat' dir='ltr'>a.</span> <span class='ocrx_word' id='word_1_190' title='bbox 1531 2715 1884 2777; x_wconf 76' lang='lat' dir='ltr'>Mallinkr0t‚</span> <span class='ocrx_word' id='word_1_191' title='bbox 1952 2713 2020 2762; x_wconf 82' lang='lat' dir='ltr'>de</span> 
     </span>
     <span class='ocr_line' id='line_1_31' title="bbox 469 2781 2022 2856; baseline 0 -23"><span class='ocrx_word' id='word_1_192' title='bbox 469 2784 634 2835; x_wconf 84' lang='lat' dir='ltr'>Archi</span> <span class='ocrx_word' id='word_1_193' title='bbox 669 2784 898 2835; x_wconf 74' lang='lat' dir='ltr'>Cancell.</span> <span class='ocrx_word' id='word_1_194' title='bbox 935 2787 1092 2838; x_wconf 88' lang='lat' dir='ltr'>Rom.</span> <span class='ocrx_word' id='word_1_195' title='bbox 1118 2786 1248 2856; x_wconf 83' lang='lat' dir='ltr'>Imp.</span> <span class='ocrx_word' id='word_1_196' title='bbox 1279 2790 1342 2841; x_wconf 93' lang='lat' dir='ltr'>L.</span> <span class='ocrx_word' id='word_1_197' title='bbox 1373 2787 1422 2840; x_wconf 76' lang='grc'>2.</span> <span class='ocrx_word' id='word_1_198' title='bbox 1455 2805 1503 2841; x_wconf 84' lang='lat' dir='ltr'>e.</span> <span class='ocrx_word' id='word_1_199' title='bbox 1528 2785 1577 2837; x_wconf 89' lang='grc'>8.</span> <span class='ocrx_word' id='word_1_200' title='bbox 1610 2786 1840 2840; x_wconf 78' lang='lat' dir='ltr'>Bertius.</span> <span class='ocrx_word' id='word_1_201' title='bbox 1878 2786 1938 2836; x_wconf 86' lang='lat' dir='ltr'>L.</span> <span class='ocrx_word' id='word_1_202' title='bbox 1968 2781 2022 2839; x_wconf 82' lang='grc'>3.</span> 
     </span>
     <span class='ocr_line' id='line_1_32' title="bbox 472 2854 2020 2925; baseline -0.002 -20"><span class='ocrx_word' id='word_1_203' title='bbox 472 2874 522 2909; x_wconf 81' lang='lat' dir='ltr'>c.</span> <span class='ocrx_word' id='word_1_204' title='bbox 557 2854 602 2905; x_wconf 86' lang='lat'>7.</span> <span class='ocrx_word' id='word_1_205' title='bbox 635 2855 843 2905; x_wconf 83' lang='lat' dir='ltr'>Comm.</span> <span class='ocrx_word' id='word_1_206' title='bbox 878 2873 1084 2909; x_wconf 82' lang='lat' dir='ltr'>rerum.</span> <span class='ocrx_word' id='word_1_207' title='bbox 1121 2856 1300 2908; x_wconf 83' lang='lat' dir='ltr'>Germ.</span> <span class='ocrx_word' id='word_1_208' title='bbox 1329 2859 1404 2908; x_wconf 84' lang='lat' dir='ltr'>De</span> <span class='ocrx_word' id='word_1_209' title='bbox 1442 2857 1542 2907; x_wconf 84' lang='lat' dir='ltr'>hac</span> <span class='ocrx_word' id='word_1_210' title='bbox 1575 2875 1632 2906; x_wconf 88' lang='lat' dir='ltr'>re</span> <span class='ocrx_word' id='word_1_211' title='bbox 1667 2856 1869 2925; x_wconf 83' lang='lat' dir='ltr'>optime</span> <span class='ocrx_word' id='word_1_212' title='bbox 1902 2855 2020 2905; x_wconf 78' lang='lat' dir='ltr'>Ru-</span> 
     </span>
     <span class='ocr_line' id='line_1_33' title="bbox 463 2923 2016 2980; baseline -0.001 -4"><span class='ocrx_word' id='word_1_213' title='bbox 463 2924 657 2976; x_wconf 78' lang='lat' dir='ltr'>landus</span> <span class='ocrx_word' id='word_1_214' title='bbox 692 2923 883 2974; x_wconf 76' lang='lat' dir='ltr'>scribit</span> <span class='ocrx_word' id='word_1_215' title='bbox 923 2927 977 2977; x_wconf 88' lang='lat' dir='ltr'>in</span> <span class='ocrx_word' id='word_1_216' title='bbox 1025 2928 1292 2980; x_wconf 77' lang='lat' dir='ltr'>Tractatu</span> <span class='ocrx_word' id='word_1_217' title='bbox 1325 2928 1393 2979; x_wconf 90' lang='lat' dir='ltr'>de</span> <span class='ocrx_word' id='word_1_218' title='bbox 1427 2927 1713 2980; x_wconf 74' lang='lat' dir='ltr'>CommiSS.</span> <span class='ocrx_word' id='word_1_219' title='bbox 1753 2935 1806 2977; x_wconf 84' lang='lat' dir='ltr'>et</span> <span class='ocrx_word' id='word_1_220' title='bbox 1847 2927 2016 2977; x_wconf 84' lang='lat' dir='ltr'>Com-</span> 
     </span>
     <span class='ocr_line' id='line_1_34' title="bbox 474 2992 2019 3069; baseline 0.001 -24"><span class='ocrx_word' id='word_1_221' title='bbox 474 2995 698 3046; x_wconf 83' lang='lat' dir='ltr'>mission</span> <span class='ocrx_word' id='word_1_222' title='bbox 744 3013 795 3064; x_wconf 85' lang='lat' dir='ltr'>p,</span> <span class='ocrx_word' id='word_1_223' title='bbox 828 2992 875 3044; x_wconf 82' lang='lat'>2.</span> <span class='ocrx_word' id='word_1_224' title='bbox 915 2998 979 3056; x_wconf 79' lang='lat' dir='ltr'>L.</span> <span class='ocrx_word' id='word_1_225' title='bbox 1015 2997 1067 3054; x_wconf 86' lang='lat'>5.</span> <span class='ocrx_word' id='word_1_226' title='bbox 1119 3015 1170 3052; x_wconf 86' lang='lat' dir='ltr'>c.</span> <span class='ocrx_word' id='word_1_227' title='bbox 1212 2997 1256 3050; x_wconf 82' lang='lat'>4.</span> <span class='ocrx_word' id='word_1_228' title='bbox 1313 3017 1367 3053; x_wconf 90' lang='lat' dir='ltr'>n.</span> <span class='ocrx_word' id='word_1_229' title='bbox 1406 2995 1487 3051; x_wconf 81' lang='lat'>18.</span> <span class='ocrx_word' id='word_1_230' title='bbox 1529 2998 1625 3069; x_wconf 78' lang='lat' dir='ltr'>qui</span> <span class='ocrx_word' id='word_1_231' title='bbox 1662 2997 1730 3051; x_wconf 77' lang='lat' dir='ltr'>ad</span> <span class='ocrx_word' id='word_1_232' title='bbox 1762 2996 2019 3051; x_wconf 80' lang='lat' dir='ltr'>Carolum</span> 
     </span>
     <span class='ocr_line' id='line_1_35' title="bbox 471 3064 973 3136; baseline -0.002 -18"><span class='ocrx_word' id='word_1_233' title='bbox 471 3067 568 3119; x_wconf 88' lang='lat' dir='ltr'>IV.</span> <span class='ocrx_word' id='word_1_234' title='bbox 602 3067 737 3136; x_wconf 87' lang='lat' dir='ltr'>Imp.</span> <span class='ocrx_word' id='word_1_235' title='bbox 777 3064 973 3136; x_wconf 80' lang='lat' dir='ltr'>rejicit.</span> 
     </span>
    </p>
   </div>
  </div>
 </body>
</html>
