2097 3726
359 306 436 344 22
807 286 1411 345 Historia

255 473 466 533 ctam?
522 471 838 541 sceptrum
877 463 1149 545 accepit,
1211 462 1439 545 quibus
1478 460 1769 545 deinceps
1815 466 1957 526 Re-

258 571 363 631 ges
410 549 679 606 Romani
725 548 1080 609 utebantur.
1146 552 1387 612 Urbem
1434 548 1960 633 magnificentissi-

261 639 379 695 mis
421 635 676 696 aedibus
713 649 777 696 et
809 638 1106 721 operibus
1143 643 1427 714 ornavit,
1475 639 1708 698 cloacas
1751 642 1815 698 in
1851 643 1959 705 Ti.-

259 724 466 784 berim
502 723 826 798 ducende,
903 726 1077 785 urbis
1113 728 1342 810 plateas
1386 752 1420 786 a
1467 726 1755 787 sordibus
1806 752 1961 811 pur-

263 814 398 895 gari
454 811 649 895 jussit.
730 815 904 873 Jovis
963 816 1300 897 Capitolini
1353 815 1570 876 aedem
1625 814 1956 875 inchoavit.

257 900 359 959 Ad
391 923 533 961 eum
580 903 765 961 etiam
818 904 1065 978 Sibylla
1105 905 1379 962 Cumana
1430 906 1790 963 Carminum
1839 905 1957 964 Li-

255 988 405 1049 bros
447 989 738 1049 adtulisse
795 988 1058 1066 dicitur3
1121 995 1231 1073 qui
1279 993 1460 1051 Libri
1518 992 1809 1071 Sibyllini
1862 992 1961 1051 di-

253 1079 372 1150 cti,
433 1100 596 1144 mox*
622 1077 983 1160 quindecim
1028 1082 1199 1140 Viris
1240 1095 1383 1140 sunt
1416 1083 1740 1139 commissi.
1790 1083 1952 1139 Tan-

248 1165 393 1225 dem
442 1187 585 1224 cum
643 1181 956 1246 regnasset
1024 1170 1123 1227 58.
1192 1170 1435 1243 Annis,
1516 1166 1952 1249 conjuratione

250 1254 555 1314 Filiorum
578 1256 738 1312 Anci
775 1274 986 1314 coesus
1022 1256 1293 1330 interiit,
1338 1281 1388 1317 a.
1415 1270 1556 1316 ante
1578 1254 1669 1316 cli.
1710 1257 1786 1315 57
1799 1260 1852 1315 7.
1884 1256 1952 1335 a)

408 1342 522 1403 VI.
593 1345 851 1401 Servius
913 1347 1155 1403 Tullius
1205 1345 1284 1404 ab
1343 1368 1395 1404 a.
1445 1359 1587 1404 ante
1649 1343 1757 1402 Ch.
1807 1345 1951 1422 577.

249 1466 335 1479 ν-
381 1431 529 1491 555.
575 1453 840 1514 regnum
894 1432 1170 1492 obtinuit
1221 1446 1293 1492 ut
1332 1430 1608 1493 defuncti
1655 1433 1818 1514 regis
1849 1453 1953 1512 ge·-

250 1538 400 1593 ner,
466 1533 646 1601 patre
714 1523 918 1578 Tullio
983 1523 1396 1580 Corniculano
1436 1522 1762 1604 principe,
1820 1521 1956 1580 Ma-

247 1617 344 1666 tre
419 1609 671 1665 Ocrisia
730 1611 977 1690 captiva
1033 1610 1269 1685 Natus,
1335 1608 1415 1668 ad
1465 1611 1749 1691 regimen
1798 1629 1953 1667 vero

244 1695 636 1777 potissimum
718 1698 1111 1775 Tatzaqzcillis
1181 1698 1421 1757 artibus
1475 1696 1796 1770 admotus,
1872 1695 1950 1775 b)

242 1803 392 1842 mox
442 1783 639 1842 multa
697 1784 762 1841 in
819 1784 1144 1867 republica
1207 1787 1527 1868 praeclare
1591 1783 1949 1857 ordinavit,

240 1871 332 1929 uti
380 1872 713 1946 Lustrum,
755 1885 818 1931 et
863 1875 1131 1932 Censum
1192 1873 1440 1932 induxit
1485 1875 1607 1931 ita:
1655 1886 1725 1931 ut
1777 1873 1948 1930 omni

243 1961 467 2040 quinto
510 1981 672 2019 anno
731 1960 995 2042 populus
1044 1976 1436 2038 censeretur3
1503 1959 1642 2020 ideo
1680 1983 1757 2020 ex
1802 1981 1956 2019 cen—·

242 2068 313 2105 su
351 2046 661 2130 populum
700 2048 763 2105 in
815 2047 1033 2108 classes
1073 2051 1389 2131 quinqueg
1437 2049 1650 2109 classes
1692 2070 1844 2108 vero
1882 2050 1947 2106 in

241 2137 565 2195 Centurias
600 2135 845 2208 divisit,
882 2136 1046 2197 unde
1080 2151 1142 2196 et
1172 2139 1517 2197 centuriata
1554 2138 1823 2196 Comitia
1851 2139 1947 2194 in·-

240 2223 589 2283 valuerunt.
676 2224 841 2282 Urbi
893 2228 1318 2301 Quirinalem,
1393 2228 1810 2298 Vimirmlem,
1881 2238 1945 2284 et

237 2315 636 2389 Esquilinam
693 2328 974 2372 montem
1030 2312 1355 2395 adjicienS‚
1435 2316 1625 2373 etiam
1677 2314 1830 2371 fossa
1884 2326 1945 2373 et

238 2423 461 2482 aggere
496 2402 798 2475 munivit3
846 2402 1185 2460 Hetruscos
1218 2417 1280 2462 et
1319 2399 1615 2483 Vejentes
1659 2399 1938 2460 debella-

234 2491 341 2547 vit.
406 2487 684 2547 Tandem
725 2487 1022 2549 Graeciae
1062 2503 1301 2570 septem
1343 2491 1711 2571 Sapientum
1752 2490 1939 2548 aetati

232 2598 499 2658 suppar,
559 2575 705 2633 alias
751 2577 881 2656 ipse
936 2578 1190 2660 Sapiens
1237 2593 1299 2637 et
1344 2577 1619 2660 prudens
1648 2623 1663 2650 ,
1735 2598 1934 2657 regno

233 2686 470 2725 summa
515 2684 656 2721 cum
690 2662 881 2723 laude
912 2687 1023 2746 per
1064 2667 1162 2725 44.
1210 2688 1402 2725 annos
1452 2664 1884 2724 administrato
1913 2709 1929 2738 ‚

236 2755 466 2813 Generi
526 2753 618 2809 sui
673 2753 1044 2828 Tarquinii,
1130 2775 1199 2813 ac
1249 2754 1408 2815 filiae
1465 2775 1610 2812 suae
1665 2751 1934 2814 nefando

229 2838 607 2926 parricidio,
654 2841 780 2898 vita
809 2854 871 2899 et
905 2843 1171 2925 imperio
1211 2843 1534 2927 spoliatur.

1704 2927 1846 2988 VII.

308 3098 383 3169 a)
422 3099 482 3149 L.
520 3096 569 3154 1.
598 3118 644 3152 c.
683 3097 764 3150 16.
797 3099 1021 3168 Dionys.
1055 3101 1119 3156 L.
1160 3099 1209 3153 3.
1246 3099 1458 3156 Florus.
1497 3100 1557 3151 L.
1596 3098 1646 3155 1.
1690 3117 1738 3155 c,
1774 3099 1821 3150 5.
1870 3096 1929 3169 b)

377 3168 601 3238 Dionys,
641 3169 700 3221 L.
735 3168 784 3224 4.
820 3188 874 3239 p.
920 3168 1041 3226 207.
1079 3189 1229 3242 seqq.
1279 3171 1486 3224 LiviuS.
1535 3172 1604 3227 L.
1641 3167 1692 3222 1.
1742 3188 1786 3223 e.
1837 3167 1928 3226 17.
