2097 3726
1580 210 1606 223 ν

565 209 846 264 Romano
886 206 1260 263 Germanici.
1573 229 1698 292 “29

85 379 251 441 tibus
307 380 505 441 clarus
570 403 670 445 an.
724 381 909 459 1765.
958 380 1294 464 Oeniponti
1336 397 1658 461 mortium,
1723 399 1785 447 et

82 471 368 533 Viennae
418 469 695 554 sepultus
741 482 848 528 est.

255 560 421 618 LXI.
468 561 775 634 Iosephus
798 560 887 614 II.
928 558 1109 618 Patre
1157 561 1570 619 Franciscol.
1622 564 1779 648 Imp.

72 660 270 709 matre
337 651 567 706 Maria
625 649 927 704 There-sia
992 647 1261 730 Magna,
1319 661 1381 709 et
1445 650 1784 713 immortali

77 738 526 820 Hungarorum
572 736 839 794 Domina
867 750 1046 795 natus
1082 739 1267 796 1741.
1316 738 1584 820 primam
1618 742 1785 800 Con-

0 819 1 853 *
74 824 286 909 jugem
310 824 529 885 habuit
555 826 995 884 Elisabetham
1042 827 1322 902 Philippi
1360 827 1622 888 Parmae
1662 828 1783 888 du·-

74 918 161 974 cis
187 914 412 990 filiam,
437 935 516 973 ex
553 936 677 996 qua
702 916 972 999 suscepit
1013 916 1071 972 T
1062 916 1377 973 here-siam
1423 916 1776 980 Elisabeth.

68 1004 251 1066 brevi
301 1017 632 1063 mortuam.
727 1004 802 1063 II.
866 1024 1138 1064 uxorem
1193 1001 1377 1062 duxit
1444 1007 1535 1064 M.
1602 1008 1778 1064 Jose-

51 1095 290 1170 Pham,
348 1095 566 1151 Caroli
635 1093 776 1155 VII.
846 1091 1258 1174 Imperatoris
1309 1090 1539 1167 filiam,
1595 1093 1779 1157 brevi

63 1183 195 1244 sine
250 1181 431 1264 prole
480 1183 866 1242 exstinctam.
957 1182 1265 1257 Joseplms
1330 1183 1422 1240 II.
1494 1185 1659 1265 patri
1712 1188 1779 1244 in

62 1273 339 1354 Imperio
396 1268 730 1331 succedens
770 1308 805 1346 ‚ff
857 1292 1005 1330 mox
1082 1291 1323 1330 summa
1399 1272 1773 1334 auctoritate

62 1381 347 1444 praeesse
390 1362 632 1443 coepit,
679 1361 964 1420 innatum
999 1358 1120 1420 sibi
1168 1356 1440 1442 justitiae
1487 1383 1769 1422 amorem

60 1451 302 1508 cunctis
335 1448 539 1532 palam
575 1448 778 1510 facere
812 1447 1028 1510 volens
1049 1493 1065 1524 ‚
1099 1469 1351 1508 cursum
1375 1450 1413 1508 J
1420 1448 1771 1510 udiciorum

60 1540 125 1596 in
170 1539 432 1599 Camera
485 1537 804 1623 imperiali
859 1538 1275 1622 promtiorem
1318 1540 1604 1598 instituit.
1654 1541 1776 1600 Po-

60 1627 264 1686 loniae
316 1626 605 1688 divisioni
646 1629 1031 1688 occasionem
1077 1626 1370 1710 praebuit
1405 1629 1769 1711 receptione

63 1716 206 1774 XII.
256 1711 635 1800 opdidorum
691 1717 1233 1800 Scepusiensium3
1289 1737 1419 1799 quo
1476 1717 1768 1801 exemplo

58 1805 242 1864 Russi
288 1818 351 1865 et
387 1805 639 1866 Borussi
687 1803 935 1889 juribus
974 1808 1096 1865 suis
1136 1827 1213 1866 ex
1244 1817 1414 1864 metu
1458 1806 1766 1888 evigilan-

58 1907 183 1965 teS,
254 1895 440 1956 1772.
486 1893 745 1977 planum
791 1893 1120 1954 divisionis
1165 1895 1538 1977 Imperatori
1595 1896 1768 1954 Jose-

49 1984 179 2059 plzo
247 1997 715 2067 proposuerunt
749 2029 764 2057 ,
834 1982 1006 2067 quod
1075 1985 1261 2044 etiam
1305 2003 1414 2066 spe
1476 1983 1768 2045 utilitatis

55 2086 479 2156 acceptatum,
534 2075 804 2132 Gallicia
852 2087 915 2134 et
961 2075 1340 2132 Lodomeria
1408 2069 1548 2155 jure
1615 2072 1764 2134 belli

56 2159 134 2218 ad
178 2183 476 2222 coronam
509 2162 874 2245 Hungariae
906 2161 1150 2247 pridem
1194 2160 1523 2222 devolutae
1548 2206 1564 2236 ,
1597 2183 1767 2223 nunc

54 2248 346 2311 Austriae
403 2249 731 2333 adjunctae
792 2266 965 2326 sunt3
1027 2252 1260 2335 quibus
1329 2250 1514 2310 brevi
1568 2253 1757 2312 1777.

56 2343 309 2400 accessit
364 2341 731 2413 Bacovina,
780 2363 969 2423 quam
1008 2343 1212 2423 specie
1248 2341 1557 2400 amicitiae
1596 2340 1761 2399 Tur—

53 2448 270 2488 carum
316 2430 668 2513 Imperator
718 2429 886 2489 ultro
924 2431 1121 2495 cessit.
1214 2428 1377 2488 Item
1413 2451 1510 2488 an.
1565 2431 1755 2491 1778.

55 2520 500 2578 Maximiliano
544 2519 790 2578 Bavaro
826 2515 1183 2592 deficiente,
1232 2515 1326 2598 jus
1383 2516 1756 2579 succedendi

55 2606 120 2665 in
152 2620 331 2690 parte
377 2608 674 2668 Bavariae
707 2608 981 2668 Domum
1017 2606 1411 2665 Austriacam
1447 2609 1756 2690 respexit,

54 2697 358 2775 quoniam
421 2694 581 2755 hanc
638 2698 1035 2780 provinciam
1094 2694 1246 2755 olim
1316 2697 1755 2773 Sigismandas

54 2781 410 2866 Imperator
462 2798 525 2844 et
576 2785 716 2846 Rex
771 2786 1136 2868 Hungariae
1201 2781 1334 2865 ejus
1402 2782 1754 2865 Majoribus

52 2871 447 2949 contulisset3
495 2873 612 2932 alia
644 2896 784 2957 pars
832 2889 1042 2934 autem
1091 2873 1390 2932 Bavariae
1429 2872 1605 2951 juxta
1645 2894 1755 2953 pa-

54 2981 190 3020 cem
245 2964 743 3039 Westplzalicam
787 2961 1067 3022 Palatino
1099 2958 1305 3021 Rheni
1362 2958 1586 3019 tradita
1621 2976 1748 3020 est:

55 3047 133 3110 de
177 3073 301 3136 qua
339 3050 685 3130 divisione,
729 3074 879 3139 pace
931 3041 1327 3112 Teschinensc·
1370 3063 1751 3110 conventum

666 3159 668 3162 ’
1016 3138 1085 3200 ll
1551 3151 1658 3199 est.
