2097 3726
416 149 447 205 4
461 145 496 207 b
511 166 542 204 2
869 145 1172 203 Ilistoria
1221 144 1485 218 Imperii

316 336 379 384 et
415 322 608 404 Regis
650 318 1020 398 Bohemiae,
1083 318 1230 381 alias
1280 321 1468 381 etiam
1506 316 1739 380 dicitur
1775 320 2034 379 Sanctio

314 415 735 489 Pragmatio-a
785 414 1127 486 Carolina5
1175 410 1354 471 Bulla
1397 431 1553 470 vero
1599 431 1787 469 aurea
1833 409 2027 470 solum

314 525 348 558 a
397 504 608 579 sigillo
666 523 862 560 aureo
907 524 1035 586 quo
1075 500 1344 583 diploma
1394 500 1710 558 munitum
1753 512 1888 559 erat
1925 519 2035 582 ap-

315 590 602 673 pellatur.
652 591 824 650 Haec
880 591 1055 653 Bulla
1097 592 1303 672 primo
1360 589 1813 667 Norimbergae
1862 602 2035 665 erat,
2080 642 2083 651 .

314 681 583 752 sancita,
649 678 794 740 dein
847 683 1078 753 Metis,
1143 679 1254 738 ubi
1295 676 1602 762 quaedam
1638 681 1696 738 ei
1745 676 2033 761 adjuncta

316 781 461 828 sunt
506 770 571 826 in
615 784 933 829 conventu
974 770 1284 841 Caesaris,
1349 767 1709 827 Electorum
1747 781 1809 827 et
1851 767 2038 827 Prin-

315 859 527 940 cipum
564 859 941 919 Germaniae
989 882 1084 916 an.
1133 858 1316 918 1556.
1364 856 1577 917 Bullae
1616 877 1839 939 scopus
1879 854 2036 931 fuit,

316 961 390 1005 ut
427 967 505 1005 ex
547 947 1093 1030 praeliminaribus
1127 959 1337 1031 patet:
1387 948 1746 1029 prospicere
1794 944 2037 1006 Electo-

315 1057 460 1094 rum
509 1033 774 1111 unitati,
822 1034 1069 1119 juribus
1096 1081 1112 1111 ,
1160 1038 1614 1119 praerogativis
1658 1033 2041 1094 Ecclesiasti-

316 1146 537 1184 corum
571 1138 631 1184 et
677 1125 1088 1200 secularium,
1153 1127 1303 1184 item
1340 1124 1748 1208 praecludere
1782 1145 2036 1184 omnem

318 1216 709 1274 occasionem
749 1215 1145 1276 scissionibus
1181 1229 1242 1274 et
1278 1213 1652 1273 factionibus
1696 1236 1773 1274 ex
1816 1236 2037 1275 eorum

316 1301 628 1362 divisione
673 1304 832 1364 forte
884 1303 1203 1378 oriundis,
1267 1303 1496 1386 quibus
1533 1301 1895 1363 distractum
1938 1302 2039 1362 fu-

317 1405 455 1452 erat
517 1390 910 1475 Imperium,
987 1395 1380 1477 potissimum
1429 1392 1847 1452 invasionibus
1910 1395 2040 1451 Ro·-

315 1501 653 1541 manorum
692 1482 1071 1542 Pontificum
1123 1485 1184 1541 in
1228 1480 1366 1566 jura
1397 1482 1698 1566 Imperii,
1747 1495 1938 1566 prout
1977 1494 2040 1541 et

319 1569 771 1630 Schismatibus
815 1575 981 1632 inter
1026 1572 1444 1654 Imperatores
1483 1572 1711 1647 enatis,
1780 1573 1871 1631 uti
1915 1570 2038 1631 ele-

322 1672 423 1718 cto
450 1661 773 1717 Ludovico
807 1662 1054 1721 Bavaro
1080 1674 1297 1721 contra
1335 1663 1733 1732 Eridericum
1760 1661 2041 1720 Austria-

318 1769 508 1822 cum,
581 1750 805 1807 Carolo
843 1752 962 1809 IV.
1009 1765 1229 1810 contra
1265 1753 1648 1809 Ladovicum
1688 1751 1996 1808 Bavarum
2033 1771 2048 1823 3

321 1840 618 1912 Raperto
663 1836 938 1897 Palatino
981 1854 1196 1899 contra
1260 1841 1714 1898 Wenceslazcm.
1770 1875 1853 1886 --
1907 1839 2045 1898 Ma-

321 1927 570 1986 ximum
628 1939 831 1986 tamen
871 1925 1147 1987 edendae
1181 1926 1393 1988 Bullae
1437 1942 1876 2008 argumentum
1921 1926 2042 1986 fuit

324 2012 626 2073 Studium
665 2014 1078 2076 transferendi
1111 2016 1362 2100 Imperii
1402 2015 1766 2097 dignitatem
1798 2014 1874 2074 ad
1927 2019 2047 2074 Ca-

323 2106 448 2165 roli
502 2106 612 2161 IV
611 2145 624 2159 .
691 2101 891 2163 filium
965 2107 1402 2163 Wenceslazmz
1469 2104 1780 2186 suffragiis
1852 2105 2039 2165 etiam

325 2192 725 2268 Electorum3
773 2216 900 2275 qua
934 2207 1140 2253 tamen
1180 2192 1482 2276 dignitate
1522 2193 1704 2254 brevi
1745 2216 1796 2252 a.
1852 2196 2038 2267 1400.

339 2285 746 2340 Weneeslaas
791 2280 910 2341 fuit
944 2297 1182 2342 exutus,
1246 2282 1327 2362 a)
1375 2283 1589 2367 Capita
1638 2285 1873 2342 Bullae
1903 2293 2044 2341 sunt

327 2374 538 2432 XXV.
583 2391 725 2429 cum
782 2370 1204 2432 additamento
1253 2374 1317 2429 in
1369 2373 1700 2432 Conventu
1743 2371 2041 2443 Metensi‚

322 2462 723 2544 potissimum
766 2462 1144 2543 pertinentia
1197 2459 1274 2519 ad
1318 2462 1655 2519 Elec-tionis
1701 2457 2039 2544 praeceda-

329 2571 447 2608 nea
476 2594 491 2623 ,
540 2562 602 2607 et
643 2548 805 2607 illius
847 2547 1149 2625 formam,
1201 2552 1351 2609 item
1397 2547 1474 2608 ad
1512 2549 1875 2609 Electorum
1913 2544 2042 2607 offi—
2087 2565 2089 2570 '

326 2640 495 2696 cium
523 2683 538 2712 ,
601 2638 1026 2699 immunitates
1053 2680 1068 2711 ,
1128 2640 1523 2698 securitatem
1565 2652 1627 2699 et
1662 2636 2035 2720 privilegia,
2090 2671 2091 2674 =

328 2749 493 2809 quae
549 2723 841 2812 deinceps
892 2726 1392 2789 observabantur
1439 2740 1565 2787 tam
1611 2729 1675 2785 in
1721 2725 2039 2799 communi
2092 2770 2094 2810 1

1761 2836 1953 2898 quam
2091 2821 2095 2883 ἱ

398 2990 475 3052 a)
519 2987 795 3041 Sententia
833 2988 892 3041 in
925 2989 1208 3043 Caesarem
1238 2990 1379 3057 lata,
1433 2995 1488 3040 et
1518 2984 1584 3038 de
1623 2984 1737 3055 ejus
1770 2986 1942 3040 causis
1979 2985 2036 3041 iu
2090 3051 2092 3058 Α

470 3076 529 3110 ea
563 3057 863 3128 enarratis,
891 3060 1016 3116 vide
1040 3060 1107 3118 ad
1139 3061 1353 3116 Caleem
1389 3056 1738 3116 Collectionis
1769 3057 2036 3119 Urstissii.
2092 3086 2097 3151 ³·
