2097 3726
355 170 473 229 186
795 167 932 222 Hi
980 186 1007 217 s
1054 174 1078 220 t
1126 185 1159 217 o
1205 185 1238 218 7·
1285 164 1308 217 i
1353 184 1391 217 (ι

256 345 396 405 solis
455 345 548 401 40.
594 362 895 400 annorum
944 336 1326 420 virginibuS,
1402 342 1664 397 Sacram
1718 343 1936 396 Velmn

261 432 580 516 permisit,
670 427 1158 508 doctissimisque
1221 427 1464 508 scriptis
1527 428 1935 508 conspicuuS,

266 541 358 584 20,
391 520 561 576 annis
597 516 801 578 sedem
835 513 1218 574 Pontificiam
1252 516 1464 573 tenuit.
1505 517 1564 572 S.
1605 518 1936 589 Hilarius,

258 607 592 688 Episcopos
630 625 1004 664 successores
1067 604 1441 661 constituere
1480 599 1818 684 prohibuit.
1875 605 1934 660 S.

258 697 589 769 Simplices,
636 692 1053 754 Ecclesiastica
1103 688 1391 750 beneficia
1424 714 1456 748 a
1496 689 1661 749 laicis
1696 690 1941 750 confer-

258 783 313 841 ri
368 786 581 841 vetuit.
629 797 739 841 etc,
803 781 939 838 Hoc
983 801 1137 838 aevo
1178 793 1300 838 tres
1343 800 1491 862 prae
1533 778 1789 860 reliquis
1849 782 1979 836 in*

257 871 555 951 signiores
605 882 977 930 surexerunt
1022 868 1331 926 Haereses.
1374 868 1418 934 Ι,
1472 870 1799 945 Pelccgianc‘
1850 868 1943 925 di-

259 962 341 1018 cti
376 958 454 1017 ab
489 973 741 1018 auctore
793 959 1046 1032 Pelagio
1093 953 1399 1014 Monacho
1440 957 1740 1016 Britanno
1770 1001 1785 1029 ,
1846 978 1940 1011 an.

262 1045 403 1105 Chr.
484 1048 623 1106 405.
700 1049 759 1103 in
820 1043 992 1102 Italia
1057 1046 1328 1125 primum
1390 1044 1676 1124 pululare
1739 1043 1944 1125 coepit

261 1133 390 1216 ejus
429 1132 725 1205 haeresiS,
785 1154 972 1214 quam
1022 1153 1171 1190 mox
1224 1133 1283 1188 in
1332 1130 1542 1191 Africa
1589 1131 1720 1215 ejus
1764 1130 1947 1189 disci-

261 1223 442 1308 pulus
480 1237 541 1283 et
577 1221 784 1281 fautor
833 1223 1170 1280 Celestinas
1219 1220 1599 1300 CampanuS,
1649 1235 1709 1279 et
1746 1222 1947 1276 Julia-

264 1335 380 1371 nus
440 1311 706 1394 Apulius
757 1311 1159 1392 propagavit3
1237 1306 1386 1366 honi
1451 1311 1654 1391 operis
1699 1310 1948 1365 initium

264 1402 326 1459 in
369 1413 588 1458 natura
632 1401 871 1482 posuit,
946 1410 1006 1456 et
1047 1394 1349 1478 originale
1390 1410 1707 1478 peccatum
1763 1416 1950 1476 nega-

263 1490 390 1565 vit3
436 1490 645 1547 statuit
679 1486 948 1545 liberum
993 1485 1364 1557 arbitrium,
1428 1497 1489 1544 et
1530 1505 1952 1566 unumquem-

265 1597 389 1657 que
428 1579 549 1634 suis
594 1574 892 1658 operibus
940 1573 1193 1634 salutem
1231 1594 1407 1656 posse
1447 1576 1733 1654 assequi,
1783 1570 1953 1629 Ada-

266 1685 439 1724 mum
497 1663 614 1722 sihi
669 1661 780 1721 soli
838 1662 1103 1721 obfuisse
1157 1661 1328 1743 lapsu
1416 1661 1495 1739 a)
1556 1675 1682 1720 tres
1745 1658 1954 1719 salutis

265 1754 398 1810 vias
433 1749 617 1809 fuisse
650 1748 933 1821 admisit,
984 1771 1207 1830 nempe
1251 1772 1361 1830 per
1403 1749 1600 1830 legem
1649 1749 1952 1818 Naturae,

269 1861 384 1923 per
416 1839 647 1920 Legem
682 1839 913 1910 Mosis,
955 1850 1014 1894 et
1047 1859 1159 1916 per
1194 1838 1424 1916 Legem
1456 1839 1726 1902 Christi,
1775 1857 1954 1893 ever-

267 1930 346 1993 tit
397 1941 599 1991 autem
652 1927 958 1984 Gratiam.
1041 1925 1202 1982 Huic
1252 1927 1506 2002 Pelagio
1546 1925 1847 1983 acerrime
1893 1942 1955 1980 se

269 2016 558 2100 opposuit
600 2015 762 2076 inter
812 2012 962 2073 alios
1012 2015 1070 2069 S.
1117 2014 1522 2089 Augustinus.
1572 2009 1958 2069 Condemna-

269 2119 330 2168 ta
385 2102 504 2162 fuit
564 2115 769 2166 autem
823 2099 955 2182 ejus
1012 2097 1278 2160 haeresis
1329 2103 1531 2181 primo
1585 2101 1648 2157 in
1705 2094 1956 2179 Synodo

270 2195 682 2263 Milem'tcma,
749 2189 1000 2250 demum
1043 2190 1106 2250 in
1166 2188 1441 2247 Concilio
1499 2188 1960 2263 Carthaginen-

272 2283 343 2343 si.
402 2282 494 2339 Ex
555 2276 665 2338 hac
724 2275 959 2336 haeresi
1023 2277 1184 2337 enati
1252 2289 1393 2337 sunt
1448 2277 1960 2351 Semi-Pelegiani

272 2371 438 2433 inter
468 2364 863 2427 orthodoxos
894 2378 954 2423 et
978 2365 1292 2445 Pelagium
1327 2363 1552 2435 medii,
1600 2364 1741 2422 alias
1781 2365 1953 2420 swas-

273 2459 547 2519 silienses
589 2453 774 2527 dicti,
840 2455 902 2512 in
947 2453 1159 2515 Galliis
1209 2452 1411 2510 exorti
1460 2453 1623 2511 circa
1668 2475 1761 2508 an.
1819 2453 1957 2510 430,

276 2543 352 2622 b)
399 2545 473 2607 ΙΙ,
526 2543 811 2608 Haeresis
865 2538 984 2598 fuit
1053 2543 1490 2611 Nestoriana,
1547 2538 1721 2618 cujus
1776 2552 1957 2600 autor

275 2645 411 2695 erat
459 2635 782 2695 Nestorius
826 2630 1164 2712 Episcopus
1211 2618 1961 2710 Constantinopolitanus,

276 2744 372 2780 an.
448 2721 588 2778 428.
648 2716 833 2782 homo
886 2715 1216 2791 fastuosus,
1342 2716 1606 2796 negabat
1666 2717 1961 2773 unionem

1737 2825 1879 2884 per*

348 2981 517 3102 «amni,
545 2978 826 3102 ΑΕὲιιξὶἰὲι.
863 2977 932 3099 ilie
978 2932 1323 3031 HaeresibuS.
1376 2971 1440 3043 b)
1480 2972 1685 3024 Hister.
1722 2971 1962 3040 Pelagia-
