2097 3726
527 186 586 242 R
633 206 666 241 0
711 205 771 240 m
817 203 859 237 a
899 201 941 236 n
984 201 1018 237 o
1065 201 1100 235 l·
1147 199 1187 236 ιι
1233 202 1309 238 m.
1555 180 1669 238 141

73 380 360 445 praesens
435 360 590 420 lilius
660 359 1078 416 Numerianus
1164 357 1413 438 optimis
1486 351 1767 414 moribus

78 449 391 532 praeditus
451 451 736 532 princeps
791 446 1105 518 successit3
1170 448 1279 525 qui
1320 446 1562 525 paterni
1619 442 1764 501 obi-

81 554 174 597 tus
208 560 496 597 moerore
518 582 533 610 ,
575 536 882 616 imprimis
915 531 1150 592 morbis
1187 532 1510 591 oculorum
1545 552 1767 612 aegro-

80 641 210 685 tans
237 671 252 700 ‚
321 625 532 685 lectica
573 636 870 705 gestatus,
933 619 1198 680 factione
1242 624 1421 678 Arrii
1459 624 1624 696 Apri
1668 641 1766 678 so-

78 718 207 774 ceri
256 717 348 773 sui
395 734 657 795 regnare
708 712 1010 792 cupientis
1049 714 1280 768 occisus
1321 724 1442 784 est3
1506 708 1597 785 a)
1645 730 1768 789 qua

81 826 150 862 re
188 815 500 885 comperta
544 825 592 858 a.
641 802 782 872 5284,
825 799 903 856 ab
955 800 1233 858 exercitu
1274 794 1622 879 Imperator
1676 817 1769 854 sa—

78 891 299 949 lutatus
349 904 439 950 est
489 891 945 947 Diecletiamw.
1015 889 1278 947 Interim
1335 889 1398 943 in
1452 883 1770 943 occidente

81 980 408 1060 imperium
463 1000 700 1036 summa
745 977 997 1035 saevitia
1049 989 1110 1034 et
1166 972 1425 1033 libidine
1493 975 1763 1029 Carinus

82 1067 308 1139 tenuit,
357 1069 466 1147 qui
516 1065 870 1146 Illyricum,
918 1063 1209 1136 Galliam,
1258 1077 1319 1123 et
1360 1061 1597 1120 Italiam
1642 1084 1770 1118 ma-

79 1156 258 1212 ximis
294 1155 630 1215 sceleribus
674 1151 796 1235 jam
835 1155 896 1209 in
936 1152 1208 1211 absentia
1249 1153 1442 1234 patris
1482 1147 1772 1209 foedave-

77 1254 206 1315 rat3
277 1241 414 1303 ideo
456 1246 643 1303 etiam
683 1241 951 1301 Tribuni
991 1243 1084 1299 sui
1127 1263 1349 1313 manu,
1410 1236 1585 1318 cujus
1626 1259 1777 1296 con-³

76 1327 282 1412 jugem
322 1332 700 1406 violaverat,
770 1331 957 1414 periit
987 1350 1149 1388 anno
1185 1330 1570 1412 principatus
1614 1327 1666 1386 5.
1710 1338 1774 1386 et

72 1441 127 1477 a.
175 1416 282 1476 Ch.
331 1423 472 1480 284.

257 1508 354 1569 56.
405 1511 840 1566 Diocletiamcs
869 1505 1181 1579 Dalmata,
1225 1517 1548 1586 postquam
1589 1503 1773 1560 etiam

78 1596 325 1669 Aprum
419 1595 884 1656 interfectorem
968 1596 1340 1652 Numeriani
1423 1589 1778 1664 occidisset,

78 1683 534 1764 rempublicam
580 1686 891 1766 sapienter
953 1680 1310 1763 gubernare
1370 1681 1605 1761 coepit:
1677 1691 1778 1735 ut-

76 1792 202 1852 que
238 1771 450 1832 turbas
493 1787 555 1832 et
602 1771 933 1832 seditiones
976 1773 1040 1830 in
1091 1770 1280 1829 variis
1338 1768 1486 1827 locis
1547 1768 1781 1827 excita-

77 1872 164 1918 tas
192 1857 423 1919 facilius
457 1863 665 1943 sopire
703 1873 943 1943 posset,
991 1861 1450 1918 Maximianum
1472 1856 1591 1914 sibi
1636 1855 1780 1914 Col-

78 1946 277 2027 legam
320 1953 613 2032 sumpsit5
677 1950 758 2028 b)
807 1970 922 2030 per
968 1969 1157 2030 quem
1196 1949 1384 2006 etiam
1422 1943 1691 2015 Galliam„
1720 1958 1783 2004 et

79 2035 359 2096 Africam
411 2040 688 2118 pacavit,
737 2036 879 2096 inde
929 2038 1275 2096 exercitum
1326 2037 1390 2093 in
1436 2032 1781 2092 Germanos

81 2139 365 2198 vertens,
434 2148 536 2186 eos
599 2148 853 2208 quoque
905 2148 1128 2208 magna
1187 2121 1357 2184 clade
1429 2120 1504 2199 c)
1562 2121 1781 2180 affecit.

82 2212 221 2292 Ipse
267 2227 470 2273 autem
515 2218 953 2274 Diocletiana-s
1014 2238 1063 2272 a.
1117 2210 1223 2271 Ch.
1283 2214 1428 2271 287.
1472 2210 1785 2268 Sarmata—

85 2321 227 2357 rum
287 2299 373 2376 cl)
437 2316 498 2360 et
568 2305 899 2361 Persarum
960 2303 1264 2384 impetum
1323 2321 1544 2381 magna
1607 2296 1785 2357 laude

85 2386 306 2467 fregit:
386 2410 512 2469 quo
570 2390 729 2448 felici
798 2389 1208 2448 secundarum
1285 2410 1498 2448 rerum
1566 2408 1784 2457 cursu,

87 2475 479 2534 mortalitatis
520 2476 769 2549 oblitus,
808 2499 881 2536 eo
923 2477 1280 2536 insolentiae
1328 2478 1627 2559 processit
1653 2520 1666 2545 ,
1715 2488 1784 2532 ut

85 2582 149 2621 se
199 2563 400 2622 Deum
445 2563 693 2623 adorari
737 2563 1028 2624 voluerit.
1076 2562 1438 2623 Christianis
1482 2578 1617 2623 toto
1653 2577 1787 2623 ter-

1598 2674 1702 2709 ra-

158 2821 234 2894 a)
274 2822 490 2892 Vopisc.
543 2823 599 2873 iu
649 2819 1005 2874 Numeriano.
1058 2841 1107 2877 c.
1151 2821 1234 2874 12.
1278 2821 1480 2876 Victor.
1522 2820 1591 2872 de
1643 2821 1791 2875 CaeS.

234 2913 276 2943 c.
317 2891 401 2947 38.
441 2892 510 2964 b)
550 2893 712 2943 idem.
765 2893 897 2943 ibid.
948 2912 994 2947 c.
1030 2890 1114 2944 39.
1156 2912 1212 2946 n.
1247 2891 1328 2943 17.
1381 2909 1495 2961 seq.
1542 2893 1788 2943 Orosius.

235 2964 298 3014 L.
336 2965 386 3019 7.
427 2983 472 3018 c.
503 2963 589 3017 25.
627 2964 852 3029 Eutrop.
886 2963 946 3014 L.
980 2963 1028 3014 9.
1071 2962 1137 3034 c)
1178 2962 1559 3017 Mamertinus.
1596 2962 1651 3012 iu
1689 2963 1794 3012 Pa-

242 3048 361 3104 neg.
402 3033 735 3085 Maximiano
776 3032 1000 3088 Heleni.
1045 3033 1213 3086 dicto,
1252 3051 1297 3085 c.
1340 3032 1391 3089 4.
1428 3051 1538 3104 seq.
1587 3032 1793 3089 Victor.

242 3101 312 3154 de
352 3105 497 3160 Caes,
538 3103 610 3167 cl)
650 3104 897 3161 Orositffi.
935 3105 1001 3163 L.
1043 3102 1093 3161 ¹7.
1133 3123 1175 3156 c.
1222 3101 1306 3156 25.
