<?xml version="1.0" encoding="UTF-8"?>
<!DOCTYPE html PUBLIC "-//W3C//DTD XHTML 1.0 Transitional//EN"
    "http://www.w3.org/TR/xhtml1/DTD/xhtml1-transitional.dtd">
<html xmlns="http://www.w3.org/1999/xhtml" xml:lang="en" lang="en">
 <head>
  <title>
</title>
<meta http-equiv="Content-Type" content="text/html;charset=utf-8" />
  <meta name='ocr-system' content='tesseract 3.04.00' />
  <meta name='ocr-capabilities' content='ocr_page ocr_carea ocr_par ocr_line ocrx_word'/>
</head>
<body>
  <div class='ocr_page' id='page_1' title='image "./historiauniversa02nagy_0251.png"; bbox 0 0 2097 3726; ppageno 0'>
   <div class='ocr_carea' id='block_1_1' title="bbox 616 168 1711 231">
    <p class='ocr_par' dir='ltr' id='par_1_1' title="bbox 616 168 1711 231">
     <span class='ocr_line' id='line_1_1' title="bbox 616 168 1711 231; baseline -0.005 0"><span class='ocrx_word' id='word_1_1' title='bbox 616 171 915 231; x_wconf 73' lang='lat' dir='ltr'>Historia</span> <span class='ocrx_word' id='word_1_2' title='bbox 954 170 1347 229; x_wconf 76' lang='lat' dir='ltr'><em>Hunnorum.</em></span> <span class='ocrx_word' id='word_1_3' title='bbox 1594 185 1627 228; x_wconf 77' lang='lat'><em>2</em></span> <span class='ocrx_word' id='word_1_4' title='bbox 1639 168 1673 228; x_wconf 81' lang='lat'>5</span> <span class='ocrx_word' id='word_1_5' title='bbox 1688 187 1711 226; x_wconf 90' lang='lat'>1</span> 
     </span>
    </p>
   </div>
   <div class='ocr_carea' id='block_1_2' title="bbox 109 342 1820 2807">
    <p class='ocr_par' dir='ltr' id='par_1_2' title="bbox 109 342 1820 2807">
     <span class='ocr_line' id='line_1_2' title="bbox 119 342 1804 411; baseline -0.004 -1"><span class='ocrx_word' id='word_1_6' title='bbox 119 351 335 410; x_wconf 76' lang='lat' dir='ltr'>Attila</span> <span class='ocrx_word' id='word_1_7' title='bbox 383 370 527 411; x_wconf 90' lang='lat' dir='ltr'>cum</span> <span class='ocrx_word' id='word_1_8' title='bbox 590 348 786 410; x_wconf 82' lang='lat' dir='ltr'>fratre</span> <span class='ocrx_word' id='word_1_9' title='bbox 845 342 1037 408; x_wconf 83' lang='lat' dir='ltr'>Bleda</span> <span class='ocrx_word' id='word_1_10' title='bbox 1095 346 1481 405; x_wconf 78' lang='lat' dir='ltr'>Mundzuelzi</span> <span class='ocrx_word' id='word_1_11' title='bbox 1543 343 1654 404; x_wconf 80' lang='lat' dir='ltr'>filii</span> <span class='ocrx_word' id='word_1_12' title='bbox 1708 368 1804 403; x_wconf 88' lang='lat' dir='ltr'>an.</span> 
     </span>
     <span class='ocr_line' id='line_1_3' title="bbox 124 436 1810 525; baseline -0.004 -26"><span class='ocrx_word' id='word_1_13' title='bbox 124 443 268 506; x_wconf 80' lang='lat'>454.</span> <span class='ocrx_word' id='word_1_14' title='bbox 330 451 742 525; x_wconf 79' lang='lat' dir='ltr'>exceperunt3</span> <span class='ocrx_word' id='word_1_15' title='bbox 808 438 920 518; x_wconf 90' lang='lat' dir='ltr'>qui</span> <span class='ocrx_word' id='word_1_16' title='bbox 980 437 1201 521; x_wconf 81' lang='lat' dir='ltr'>primis</span> <span class='ocrx_word' id='word_1_17' title='bbox 1253 436 1572 518; x_wconf 84' lang='lat' dir='ltr'>regiminis</span> <span class='ocrx_word' id='word_1_18' title='bbox 1633 437 1810 493; x_wconf 84' lang='lat' dir='ltr'>annis</span> 
     </span>
     <span class='ocr_line' id='line_1_4' title="bbox 122 523 1813 599; baseline -0.004 -11"><span class='ocrx_word' id='word_1_19' title='bbox 122 543 196 589; x_wconf 88' lang='lat' dir='ltr'>ut</span> <span class='ocrx_word' id='word_1_20' title='bbox 244 532 671 588; x_wconf 81' lang='lat' dir='ltr'>Romanorum</span> <span class='ocrx_word' id='word_1_21' title='bbox 719 526 942 599; x_wconf 85' lang='lat' dir='ltr'>amici,</span> <span class='ocrx_word' id='word_1_22' title='bbox 997 526 1334 584; x_wconf 83' lang='lat' dir='ltr'><em>Valentino</em></span> <span class='ocrx_word' id='word_1_23' title='bbox 1379 525 1483 583; x_wconf 85' lang='lat'><em>111.</em></span> <span class='ocrx_word' id='word_1_24' title='bbox 1538 523 1813 584; x_wconf 83' lang='lat' dir='ltr'>militan-</span> 
     </span>
     <span class='ocr_line' id='line_1_5' title="bbox 119 611 1812 700; baseline -0.005 -22"><span class='ocrx_word' id='word_1_25' title='bbox 119 633 240 690; x_wconf 58' lang='grc' dir='ltr'>τας,</span> <span class='ocrx_word' id='word_1_26' title='bbox 289 616 797 700; x_wconf 82' lang='lat' dir='ltr'>Burgundiorum</span> <span class='ocrx_word' id='word_1_27' title='bbox 835 626 1084 696; x_wconf 86' lang='lat' dir='ltr'><strong>gentem</strong></span> <span class='ocrx_word' id='word_1_28' title='bbox 1123 611 1254 674; x_wconf 85' lang='lat' dir='ltr'>fere</span> <span class='ocrx_word' id='word_1_29' title='bbox 1295 611 1699 685; x_wconf 85' lang='lat' dir='ltr'>deleverunt,</span> <span class='ocrx_word' id='word_1_30' title='bbox 1749 624 1812 672; x_wconf 88' lang='lat' dir='ltr'>et</span> 
     </span>
     <span class='ocr_line' id='line_1_6' title="bbox 119 698 1812 789; baseline -0.002 -25"><span class='ocrx_word' id='word_1_31' title='bbox 119 704 473 787; x_wconf 67' lang='lat' dir='ltr'>Visigothos</span> <span class='ocrx_word' id='word_1_32' title='bbox 531 724 747 789; x_wconf 81' lang='lat' dir='ltr'>pacem</span> <span class='ocrx_word' id='word_1_33' title='bbox 805 703 887 760; x_wconf 84' lang='lat' dir='ltr'>ab</span> <span class='ocrx_word' id='word_1_34' title='bbox 944 698 1242 763; x_wconf 80' lang='lat' dir='ltr'>Romanis</span> <span class='ocrx_word' id='word_1_35' title='bbox 1312 714 1525 786; x_wconf 86' lang='lat' dir='ltr'>petere</span> <span class='ocrx_word' id='word_1_36' title='bbox 1592 722 1812 784; x_wconf 82' lang='lat' dir='ltr'>coege-</span> 
     </span>
     <span class='ocr_line' id='line_1_7' title="bbox 118 787 1815 877; baseline -0.002 -23"><span class='ocrx_word' id='word_1_37' title='bbox 118 807 300 854; x_wconf 86' lang='lat' dir='ltr'>runt:</span> <span class='ocrx_word' id='word_1_38' title='bbox 348 815 475 877; x_wconf 90' lang='lat' dir='ltr'>quo</span> <span class='ocrx_word' id='word_1_39' title='bbox 517 815 595 854; x_wconf 79' lang='lat' dir='ltr'>ex</span> <span class='ocrx_word' id='word_1_40' title='bbox 633 804 917 875; x_wconf 84' lang='lat' dir='ltr'>tempore</span> <span class='ocrx_word' id='word_1_41' title='bbox 960 813 1039 852; x_wconf 79' lang='lat' dir='ltr'>ex</span> <span class='ocrx_word' id='word_1_42' title='bbox 1081 793 1239 851; x_wconf 89' lang='lat' dir='ltr'>inito</span> <span class='ocrx_word' id='word_1_43' title='bbox 1280 787 1568 863; x_wconf 84' lang='lat' dir='ltr'>foedere,</span> <span class='ocrx_word' id='word_1_44' title='bbox 1599 813 1634 848; x_wconf 87' lang='lat' dir='ltr'>a</span> <span class='ocrx_word' id='word_1_45' title='bbox 1684 793 1815 850; x_wconf 83' lang='lat' dir='ltr'>Ro-</span> 
     </span>
     <span class='ocr_line' id='line_1_8' title="bbox 116 877 1814 964; baseline -0.002 -21"><span class='ocrx_word' id='word_1_46' title='bbox 116 883 312 943; x_wconf 84' lang='lat' dir='ltr'>manis</span> <span class='ocrx_word' id='word_1_47' title='bbox 382 885 626 940; x_wconf 86' lang='lat' dir='ltr'>Attilae</span> <span class='ocrx_word' id='word_1_48' title='bbox 698 881 1060 942; x_wconf 81' lang='lat' dir='ltr'>Pannoniae</span> <span class='ocrx_word' id='word_1_49' title='bbox 1108 900 1252 964; x_wconf 87' lang='lat' dir='ltr'>pars</span> <span class='ocrx_word' id='word_1_50' title='bbox 1296 877 1375 938; x_wconf 85' lang='lat' dir='ltr'>ad</span> <span class='ocrx_word' id='word_1_51' title='bbox 1425 879 1657 940; x_wconf 88' lang='lat' dir='ltr'>Savum</span> <span class='ocrx_word' id='word_1_52' title='bbox 1711 903 1814 940; x_wconf 83' lang='lat' dir='ltr'>us-</span> 
     </span>
     <span class='ocr_line' id='line_1_9' title="bbox 118 967 1812 1054; baseline -0.002 -24"><span class='ocrx_word' id='word_1_53' title='bbox 118 993 280 1054; x_wconf 81' lang='lat' dir='ltr'>que,</span> <span class='ocrx_word' id='word_1_54' title='bbox 361 984 424 1031; x_wconf 88' lang='lat' dir='ltr'>et</span> <span class='ocrx_word' id='word_1_55' title='bbox 478 967 859 1053; x_wconf 81' lang='lat' dir='ltr'>stipendium</span> <span class='ocrx_word' id='word_1_56' title='bbox 929 990 1205 1028; x_wconf 89' lang='lat' dir='ltr'>annuum</span> <span class='ocrx_word' id='word_1_57' title='bbox 1274 982 1591 1051; x_wconf 86' lang='lat' dir='ltr'>tamquam</span> <span class='ocrx_word' id='word_1_58' title='bbox 1653 969 1812 1029; x_wconf 90' lang='lat' dir='ltr'>Duci</span> 
     </span>
     <span class='ocr_line' id='line_1_10' title="bbox 117 1059 1813 1140; baseline -0.002 -20"><span class='ocrx_word' id='word_1_59' title='bbox 117 1059 510 1120; x_wconf 84' lang='lat' dir='ltr'>exercituum</span> <span class='ocrx_word' id='word_1_60' title='bbox 564 1060 998 1118; x_wconf 87' lang='lat' dir='ltr'>Romanorum</span> <span class='ocrx_word' id='word_1_61' title='bbox 1049 1059 1424 1140; x_wconf 80' lang='lat' dir='ltr'>assignatum</span> <span class='ocrx_word' id='word_1_62' title='bbox 1477 1071 1597 1119; x_wconf 87' lang='lat' dir='ltr'>est:</span> <span class='ocrx_word' id='word_1_63' title='bbox 1686 1060 1813 1118; x_wconf 88' lang='lat' dir='ltr'>imo</span> 
     </span>
     <span class='ocr_line' id='line_1_11' title="bbox 129 1147 1820 1229; baseline -0.001 -22"><span class='ocrx_word' id='word_1_64' title='bbox 129 1149 498 1208; x_wconf 73' lang='lat' dir='ltr'>Theodosius</span> <span class='ocrx_word' id='word_1_65' title='bbox 539 1161 884 1229; x_wconf 87' lang='lat' dir='ltr'>utrumque</span> <span class='ocrx_word' id='word_1_66' title='bbox 934 1147 1317 1206; x_wconf 86' lang='lat' dir='ltr'>Hunnorum</span> <span class='ocrx_word' id='word_1_67' title='bbox 1364 1168 1577 1229; x_wconf 80' lang='lat' dir='ltr'>regem</span> <span class='ocrx_word' id='word_1_68' title='bbox 1630 1150 1820 1207; x_wconf 88' lang='lat' dir='ltr'>arcti-</span> 
     </span>
     <span class='ocr_line' id='line_1_12' title="bbox 114 1236 1817 1320; baseline -0.001 -22"><span class='ocrx_word' id='word_1_69' title='bbox 114 1257 185 1298; x_wconf 87' lang='lat' dir='ltr'>us</span> <span class='ocrx_word' id='word_1_70' title='bbox 219 1236 336 1295; x_wconf 88' lang='lat' dir='ltr'>sibi</span> <span class='ocrx_word' id='word_1_71' title='bbox 370 1236 705 1296; x_wconf 86' lang='lat' dir='ltr'>conciliare</span> <span class='ocrx_word' id='word_1_72' title='bbox 751 1238 1044 1320; x_wconf 84' lang='lat' dir='ltr'>cupiens,</span> <span class='ocrx_word' id='word_1_73' title='bbox 1077 1237 1343 1318; x_wconf 89' lang='lat' dir='ltr'>pristino</span> <span class='ocrx_word' id='word_1_74' title='bbox 1387 1236 1625 1296; x_wconf 87' lang='lat' dir='ltr'>tributo</span> <span class='ocrx_word' id='word_1_75' title='bbox 1668 1236 1817 1297; x_wconf 82' lang='lat' dir='ltr'>alte-</span> 
     </span>
     <span class='ocr_line' id='line_1_13' title="bbox 114 1321 1814 1406; baseline -0.001 -22"><span class='ocrx_word' id='word_1_76' title='bbox 114 1347 258 1384; x_wconf 84' lang='lat' dir='ltr'>rum</span> <span class='ocrx_word' id='word_1_77' title='bbox 300 1339 536 1385; x_wconf 89' lang='lat' dir='ltr'>tantum</span> <span class='ocrx_word' id='word_1_78' title='bbox 593 1322 831 1406; x_wconf 81' lang='lat' dir='ltr'>adjecit.</span> <span class='ocrx_word' id='word_1_79' title='bbox 904 1322 1028 1384; x_wconf 88' lang='lat' dir='ltr'>Sed</span> <span class='ocrx_word' id='word_1_80' title='bbox 1075 1324 1165 1385; x_wconf 87' lang='lat' dir='ltr'>illi</span> <span class='ocrx_word' id='word_1_81' title='bbox 1210 1321 1304 1384; x_wconf 86' lang='lat' dir='ltr'>his</span> <span class='ocrx_word' id='word_1_82' title='bbox 1344 1345 1472 1384; x_wconf 90' lang='lat' dir='ltr'>non</span> <span class='ocrx_word' id='word_1_83' title='bbox 1515 1324 1814 1385; x_wconf 80' lang='lat' dir='ltr'>obstanti-</span> 
     </span>
     <span class='ocr_line' id='line_1_14' title="bbox 113 1411 1815 1497; baseline 0.001 -25"><span class='ocrx_word' id='word_1_84' title='bbox 113 1411 268 1489; x_wconf 80' lang='lat' dir='ltr'>bus,</span> <span class='ocrx_word' id='word_1_85' title='bbox 333 1427 582 1497; x_wconf 86' lang='lat' dir='ltr'>reperta</span> <span class='ocrx_word' id='word_1_86' title='bbox 637 1411 815 1474; x_wconf 84' lang='lat' dir='ltr'>facile</span> <span class='ocrx_word' id='word_1_87' title='bbox 857 1411 1006 1473; x_wconf 85' lang='lat' dir='ltr'>belli</span> <span class='ocrx_word' id='word_1_88' title='bbox 1053 1434 1277 1487; x_wconf 88' lang='lat' dir='ltr'>causa,</span> <span class='ocrx_word' id='word_1_89' title='bbox 1345 1435 1442 1481; x_wconf 81' lang='lat' dir='ltr'>an,</span> <span class='ocrx_word' id='word_1_90' title='bbox 1494 1415 1639 1474; x_wconf 68' lang='lat'>441.</span> <span class='ocrx_word' id='word_1_91' title='bbox 1687 1416 1815 1474; x_wconf 84' lang='lat' dir='ltr'>Ro-</span> 
     </span>
     <span class='ocr_line' id='line_1_15' title="bbox 111 1499 1813 1588; baseline -0.001 -28"><span class='ocrx_word' id='word_1_92' title='bbox 111 1523 327 1563; x_wconf 83' lang='lat' dir='ltr'>manas</span> <span class='ocrx_word' id='word_1_93' title='bbox 361 1504 717 1588; x_wconf 87' lang='lat' dir='ltr'>provincias</span> <span class='ocrx_word' id='word_1_94' title='bbox 752 1501 1149 1575; x_wconf 80' lang='lat' dir='ltr'>invadenteS‚</span> <span class='ocrx_word' id='word_1_95' title='bbox 1195 1499 1525 1562; x_wconf 85' lang='lat' dir='ltr'>Thraciam</span> <span class='ocrx_word' id='word_1_96' title='bbox 1567 1516 1631 1564; x_wconf 90' lang='lat' dir='ltr'>et</span> <span class='ocrx_word' id='word_1_97' title='bbox 1666 1502 1813 1583; x_wconf 79' lang='lat' dir='ltr'>Illy-</span> 
     </span>
     <span class='ocr_line' id='line_1_16' title="bbox 109 1590 1813 1670; baseline -0.001 -20"><span class='ocrx_word' id='word_1_98' title='bbox 109 1592 315 1651; x_wconf 89' lang='lat' dir='ltr'>ricum</span> <span class='ocrx_word' id='word_1_99' title='bbox 384 1591 806 1663; x_wconf 81' lang='lat' dir='ltr'>devastanteS,</span> <span class='ocrx_word' id='word_1_100' title='bbox 890 1590 972 1670; x_wconf 90' lang='lat' dir='ltr'>a)</span> <span class='ocrx_word' id='word_1_101' title='bbox 1063 1591 1448 1651; x_wconf 83' lang='lat' dir='ltr'>Pannoniam</span> <span class='ocrx_word' id='word_1_102' title='bbox 1520 1612 1768 1651; x_wconf 86' lang='lat' dir='ltr'>omnem</span> <span class='ocrx_word' id='word_1_103' title='bbox 1796 1638 1813 1666; x_wconf 85' lang='lat'>‚</span> 
     </span>
     <span class='ocr_line' id='line_1_17' title="bbox 110 1675 1811 1762; baseline -0.001 -23"><span class='ocrx_word' id='word_1_104' title='bbox 110 1702 303 1762; x_wconf 87' lang='lat' dir='ltr'>quam</span> <span class='ocrx_word' id='word_1_105' title='bbox 342 1682 823 1741; x_wconf 76' lang='lat' dir='ltr'>Valentinianus</span> <span class='ocrx_word' id='word_1_106' title='bbox 855 1699 1060 1762; x_wconf 86' lang='lat' dir='ltr'>nuper</span> <span class='ocrx_word' id='word_1_107' title='bbox 1098 1675 1478 1752; x_wconf 83' lang='lat' dir='ltr'>tradiderat,</span> <span class='ocrx_word' id='word_1_108' title='bbox 1525 1702 1620 1736; x_wconf 84' lang='lat' dir='ltr'>an.</span> <span class='ocrx_word' id='word_1_109' title='bbox 1664 1683 1811 1740; x_wconf 77' lang='lat'>442.</span> 
     </span>
     <span class='ocr_line' id='line_1_18' title="bbox 110 1766 1812 1852; baseline 0.001 -24"><span class='ocrx_word' id='word_1_110' title='bbox 110 1769 173 1828; x_wconf 90' lang='lat' dir='ltr'>in</span> <span class='ocrx_word' id='word_1_111' title='bbox 223 1791 395 1828; x_wconf 86' lang='lat' dir='ltr'>suam</span> <span class='ocrx_word' id='word_1_112' title='bbox 445 1782 813 1852; x_wconf 86' lang='lat' dir='ltr'>potestatem</span> <span class='ocrx_word' id='word_1_113' title='bbox 861 1766 1277 1849; x_wconf 80' lang='lat' dir='ltr'>redegerunt,</span> <span class='ocrx_word' id='word_1_114' title='bbox 1345 1768 1473 1828; x_wconf 89' lang='lat' dir='ltr'>imo</span> <span class='ocrx_word' id='word_1_115' title='bbox 1512 1772 1812 1829; x_wconf 88' lang='lat' dir='ltr'>commis-</span> 
     </span>
     <span class='ocr_line' id='line_1_19' title="bbox 110 1855 1810 1941; baseline 0.002 -24"><span class='ocrx_word' id='word_1_116' title='bbox 110 1879 178 1917; x_wconf 90' lang='lat' dir='ltr'>so</span> <span class='ocrx_word' id='word_1_117' title='bbox 211 1856 288 1916; x_wconf 80' lang='lat' dir='ltr'>ad</span> <span class='ocrx_word' id='word_1_118' title='bbox 328 1859 771 1916; x_wconf 74' lang='lat' dir='ltr'>Chersonesum</span> <span class='ocrx_word' id='word_1_119' title='bbox 810 1855 1087 1941; x_wconf 81' lang='lat' dir='ltr'>proelio,</span> <span class='ocrx_word' id='word_1_120' title='bbox 1165 1858 1565 1917; x_wconf 73' lang='lat' dir='ltr'>Theodosium</span> <span class='ocrx_word' id='word_1_121' title='bbox 1598 1879 1810 1940; x_wconf 84' lang='lat' dir='ltr'>pacem</span> 
     </span>
     <span class='ocr_line' id='line_1_20' title="bbox 110 1944 1815 2030; baseline 0.001 -24"><span class='ocrx_word' id='word_1_122' title='bbox 110 1944 423 2006; x_wconf 83' lang='lat' dir='ltr'>redimere</span> <span class='ocrx_word' id='word_1_123' title='bbox 462 1959 836 2030; x_wconf 81' lang='lat' dir='ltr'>coegerunt3</span> <span class='ocrx_word' id='word_1_124' title='bbox 883 1968 1007 2027; x_wconf 86' lang='lat' dir='ltr'>qua</span> <span class='ocrx_word' id='word_1_125' title='bbox 1051 1946 1372 2007; x_wconf 84' lang='lat' dir='ltr'>occasione</span> <span class='ocrx_word' id='word_1_126' title='bbox 1413 1948 1628 2006; x_wconf 79' lang='lat' dir='ltr'>Attila</span> <span class='ocrx_word' id='word_1_127' title='bbox 1674 1949 1815 2008; x_wconf 78' lang='lat' dir='ltr'>Cla-</span> 
     </span>
     <span class='ocr_line' id='line_1_21' title="bbox 110 2032 1814 2117; baseline 0.005 -25"><span class='ocrx_word' id='word_1_128' title='bbox 110 2037 418 2095; x_wconf 84' lang='lat' dir='ltr'>rissimam</span> <span class='ocrx_word' id='word_1_129' title='bbox 455 2036 877 2117; x_wconf 81' lang='lat' dir='ltr'>Syrmiensem</span> <span class='ocrx_word' id='word_1_130' title='bbox 914 2032 1150 2094; x_wconf 89' lang='lat' dir='ltr'>Urbem</span> <span class='ocrx_word' id='word_1_131' title='bbox 1185 2036 1371 2095; x_wconf 85' lang='lat' dir='ltr'>etiam</span> <span class='ocrx_word' id='word_1_132' title='bbox 1406 2037 1651 2096; x_wconf 66' lang='lat' dir='ltr'>evertit.</span> <span class='ocrx_word' id='word_1_133' title='bbox 1689 2038 1814 2100; x_wconf 86' lang='lat' dir='ltr'>De-</span> 
     </span>
     <span class='ocr_line' id='line_1_22' title="bbox 113 2124 1809 2206; baseline 0.002 -25"><span class='ocrx_word' id='word_1_134' title='bbox 113 2145 285 2183; x_wconf 88' lang='lat' dir='ltr'>mum</span> <span class='ocrx_word' id='word_1_135' title='bbox 329 2128 548 2184; x_wconf 77' lang='lat' dir='ltr'>Attila</span> <span class='ocrx_word' id='word_1_136' title='bbox 594 2125 900 2185; x_wconf 91' lang='lat' dir='ltr'>consortis</span> <span class='ocrx_word' id='word_1_137' title='bbox 943 2124 1300 2206; x_wconf 78' lang='lat' dir='ltr'>impatien5‚</span> <span class='ocrx_word' id='word_1_138' title='bbox 1365 2126 1510 2191; x_wconf 71' lang='lat'>444,</span> <span class='ocrx_word' id='word_1_139' title='bbox 1550 2127 1809 2186; x_wconf 75' lang='lat' dir='ltr'>Bleclam</span> 
     </span>
     <span class='ocr_line' id='line_1_23' title="bbox 113 2210 1815 2297; baseline 0.004 -29"><span class='ocrx_word' id='word_1_140' title='bbox 113 2210 376 2272; x_wconf 82' lang='lat' dir='ltr'>fratrem</span> <span class='ocrx_word' id='word_1_141' title='bbox 410 2235 523 2295; x_wconf 88' lang='lat' dir='ltr'>per</span> <span class='ocrx_word' id='word_1_142' title='bbox 573 2212 821 2275; x_wconf 86' lang='lat' dir='ltr'>insidias</span> <span class='ocrx_word' id='word_1_143' title='bbox 863 2213 1143 2286; x_wconf 80' lang='lat' dir='ltr'>sustulit3</span> <span class='ocrx_word' id='word_1_144' title='bbox 1204 2216 1640 2297; x_wconf 84' lang='lat' dir='ltr'>oppressisque</span> <span class='ocrx_word' id='word_1_145' title='bbox 1678 2217 1815 2276; x_wconf 80' lang='lat' dir='ltr'>aliis</span> 
     </span>
     <span class='ocr_line' id='line_1_24' title="bbox 115 2300 1634 2387; baseline 0.002 -27"><span class='ocrx_word' id='word_1_146' title='bbox 115 2300 369 2381; x_wconf 79' lang='lat' dir='ltr'>regibus</span> <span class='ocrx_word' id='word_1_147' title='bbox 395 2344 411 2372; x_wconf 82' lang='lat'>‚</span> <span class='ocrx_word' id='word_1_148' title='bbox 462 2302 724 2361; x_wconf 91' lang='lat' dir='ltr'>Hunnos</span> <span class='ocrx_word' id='word_1_149' title='bbox 752 2304 859 2359; x_wconf 91' lang='lat' dir='ltr'>uni</span> <span class='ocrx_word' id='word_1_150' title='bbox 901 2301 1017 2360; x_wconf 85' lang='lat' dir='ltr'>sibi</span> <span class='ocrx_word' id='word_1_151' title='bbox 1053 2324 1275 2384; x_wconf 81' lang='lat' dir='ltr'>parere</span> <span class='ocrx_word' id='word_1_152' title='bbox 1314 2303 1634 2387; x_wconf 89' lang='lat' dir='ltr'>compulit.</span> 
     </span>
     <span class='ocr_line' id='line_1_25' title="bbox 289 2391 1809 2473; baseline 0.003 -26"><span class='ocrx_word' id='word_1_153' title='bbox 289 2391 540 2447; x_wconf 85' lang='lat' dir='ltr'>Attilae</span> <span class='ocrx_word' id='word_1_154' title='bbox 581 2392 978 2448; x_wconf 77' lang='lat' dir='ltr'>Monarchia.</span> <span class='ocrx_word' id='word_1_155' title='bbox 1051 2392 1380 2473; x_wconf 83' lang='lat' dir='ltr'>Postquam</span> <span class='ocrx_word' id='word_1_156' title='bbox 1419 2395 1584 2452; x_wconf 85' lang='lat' dir='ltr'>vires</span> <span class='ocrx_word' id='word_1_157' title='bbox 1630 2395 1809 2453; x_wconf 83' lang='lat' dir='ltr'>Hun-</span> 
     </span>
     <span class='ocr_line' id='line_1_26' title="bbox 113 2475 1812 2559; baseline 0.004 -24"><span class='ocrx_word' id='word_1_158' title='bbox 113 2499 342 2535; x_wconf 84' lang='lat' dir='ltr'>norum</span> <span class='ocrx_word' id='word_1_159' title='bbox 382 2478 464 2535; x_wconf 87' lang='lat' dir='ltr'>ita</span> <span class='ocrx_word' id='word_1_160' title='bbox 505 2475 872 2559; x_wconf 80' lang='lat' dir='ltr'>conjunctae</span> <span class='ocrx_word' id='word_1_161' title='bbox 913 2476 1210 2551; x_wconf 83' lang='lat' dir='ltr'>fuissent,</span> <span class='ocrx_word' id='word_1_162' title='bbox 1281 2478 1448 2537; x_wconf 81' lang='lat' dir='ltr'>nulla</span> <span class='ocrx_word' id='word_1_163' title='bbox 1494 2481 1661 2542; x_wconf 84' lang='lat' dir='ltr'>Gens</span> <span class='ocrx_word' id='word_1_164' title='bbox 1695 2481 1812 2541; x_wconf 84' lang='lat' dir='ltr'>hoc</span> 
     </span>
     <span class='ocr_line' id='line_1_27' title="bbox 114 2566 1810 2648; baseline 0.005 -27"><span class='ocrx_word' id='word_1_165' title='bbox 114 2577 393 2648; x_wconf 76' lang='lat' dir='ltr'>tempore</span> <span class='ocrx_word' id='word_1_166' title='bbox 432 2566 679 2625; x_wconf 86' lang='lat' dir='ltr'>Hunnis</span> <span class='ocrx_word' id='word_1_167' title='bbox 718 2568 1036 2647; x_wconf 83' lang='lat' dir='ltr'>potentior</span> <span class='ocrx_word' id='word_1_168' title='bbox 1090 2569 1363 2645; x_wconf 75' lang='lat' dir='ltr'>exstitit3</span> <span class='ocrx_word' id='word_1_169' title='bbox 1429 2593 1573 2628; x_wconf 85' lang='lat' dir='ltr'>nam</span> <span class='ocrx_word' id='word_1_170' title='bbox 1623 2575 1810 2633; x_wconf 81' lang='lat' dir='ltr'>terri-</span> 
     </span>
     <span class='ocr_line' id='line_1_28' title="bbox 111 2651 1810 2745; baseline 0.005 -34"><span class='ocrx_word' id='word_1_171' title='bbox 111 2653 252 2716; x_wconf 81' lang='lat' dir='ltr'>hilis</span> <span class='ocrx_word' id='word_1_172' title='bbox 308 2651 404 2711; x_wconf 90' lang='lat' dir='ltr'>hic</span> <span class='ocrx_word' id='word_1_173' title='bbox 456 2666 846 2738; x_wconf 67' lang='lat' dir='ltr'>expugnator</span> <span class='ocrx_word' id='word_1_174' title='bbox 901 2657 1059 2714; x_wconf 83' lang='lat' dir='ltr'>intra</span> <span class='ocrx_word' id='word_1_175' title='bbox 1110 2653 1304 2716; x_wconf 78' lang='lat' dir='ltr'>breve</span> <span class='ocrx_word' id='word_1_176' title='bbox 1357 2675 1637 2745; x_wconf 86' lang='lat' dir='ltr'>tempus,</span> <span class='ocrx_word' id='word_1_177' title='bbox 1703 2683 1810 2719; x_wconf 78' lang='lat' dir='ltr'>va-</span> 
     </span>
     <span class='ocr_line' id='line_1_29' title="bbox 1562 2761 1723 2807; baseline 0.012 -2"><span class='ocrx_word' id='word_1_178' title='bbox 1562 2761 1723 2807; x_wconf 89' lang='lat' dir='ltr'>stum</span> 
     </span>
    </p>
   </div>
   <div class='ocr_carea' id='block_1_3' title="bbox 118 2837 433 2852">
    <p class='ocr_par' dir='ltr' id='par_1_3' title="bbox 118 2837 433 2852">
     <span class='ocr_line' id='line_1_30' title="bbox 118 2837 433 2852; baseline 0 874"><span class='ocrx_word' id='word_1_179' title='bbox 118 2837 433 2852; x_wconf 95' lang='lat' dir='ltr'> </span> 
     </span>
    </p>
   </div>
   <div class='ocr_carea' id='block_1_4' title="bbox 182 2915 1808 3201">
    <p class='ocr_par' dir='ltr' id='par_1_4' title="bbox 182 2915 1808 3201">
     <span class='ocr_line' id='line_1_31' title="bbox 182 2915 1808 2979; baseline 0.007 -15"><span class='ocrx_word' id='word_1_180' title='bbox 182 2920 255 2979; x_wconf 86' lang='lat' dir='ltr'>a)</span> <span class='ocrx_word' id='word_1_181' title='bbox 297 2917 497 2970; x_wconf 79' lang='lat' dir='ltr'>Zosim.</span> <span class='ocrx_word' id='word_1_182' title='bbox 533 2915 594 2971; x_wconf 75' lang='lat' dir='ltr'>L.</span> <span class='ocrx_word' id='word_1_183' title='bbox 630 2915 682 2966; x_wconf 74' lang='lat'>¹1.</span> <span class='ocrx_word' id='word_1_184' title='bbox 722 2927 765 2967; x_wconf 71' lang='lat' dir='ltr'>et</span> <span class='ocrx_word' id='word_1_185' title='bbox 808 2919 857 2972; x_wconf 65' lang='lat' dir='ltr'>f».</span> <span class='ocrx_word' id='word_1_186' title='bbox 898 2917 1047 2973; x_wconf 80' lang='lat' dir='ltr'>Paul.</span> <span class='ocrx_word' id='word_1_187' title='bbox 1083 2918 1227 2970; x_wconf 70' lang='lat' dir='ltr'>Diae.</span> <span class='ocrx_word' id='word_1_188' title='bbox 1268 2919 1328 2974; x_wconf 79' lang='lat' dir='ltr'>L.</span> <span class='ocrx_word' id='word_1_189' title='bbox 1367 2919 1447 2972; x_wconf 83' lang='lat'>15.</span> <span class='ocrx_word' id='word_1_190' title='bbox 1482 2921 1670 2975; x_wconf 80' lang='lat' dir='ltr'>Franc.</span> <span class='ocrx_word' id='word_1_191' title='bbox 1704 2924 1808 2975; x_wconf 88' lang='lat' dir='ltr'>Fo-</span> 
     </span>
     <span class='ocr_line' id='line_1_32' title="bbox 254 2987 1801 3059; baseline 0.008 -23"><span class='ocrx_word' id='word_1_192' title='bbox 254 2987 329 3037; x_wconf 82' lang='lat' dir='ltr'>ris</span> <span class='ocrx_word' id='word_1_193' title='bbox 383 2987 691 3039; x_wconf 83' lang='lat' dir='ltr'>Otrokocsi.</span> <span class='ocrx_word' id='word_1_194' title='bbox 732 2989 874 3056; x_wconf 72' lang='lat' dir='ltr'>orig.</span> <span class='ocrx_word' id='word_1_195' title='bbox 926 2990 1109 3059; x_wconf 88' lang='lat' dir='ltr'>Hung.</span> <span class='ocrx_word' id='word_1_196' title='bbox 1163 2991 1220 3042; x_wconf 89' lang='lat' dir='ltr'>P·</span> <span class='ocrx_word' id='word_1_197' title='bbox 1270 2990 1309 3041; x_wconf 90' lang='grc' dir='ltr'>Ι.</span> <span class='ocrx_word' id='word_1_198' title='bbox 1358 3009 1406 3045; x_wconf 84' lang='lat' dir='ltr'>c.</span> <span class='ocrx_word' id='word_1_199' title='bbox 1448 2993 1498 3045; x_wconf 84' lang='lat'>4.</span> <span class='ocrx_word' id='word_1_200' title='bbox 1541 2995 1801 3049; x_wconf 80' lang='lat' dir='ltr'>Joruand.</span> 
     </span>
     <span class='ocr_line' id='line_1_33' title="bbox 255 3056 1803 3132; baseline 0.005 -25"><span class='ocrx_word' id='word_1_201' title='bbox 255 3077 299 3108; x_wconf 89' lang='lat' dir='ltr'>c.</span> <span class='ocrx_word' id='word_1_202' title='bbox 349 3056 437 3109; x_wconf 74' lang='lat'>24.</span> <span class='ocrx_word' id='word_1_203' title='bbox 487 3056 575 3113; x_wconf 77' lang='lat'>34.</span> <span class='ocrx_word' id='word_1_204' title='bbox 622 3075 735 3131; x_wconf 78' lang='lat' dir='ltr'>seq.</span> <span class='ocrx_word' id='word_1_205' title='bbox 794 3061 983 3128; x_wconf 81' lang='lat' dir='ltr'>Agath.</span> <span class='ocrx_word' id='word_1_206' title='bbox 1041 3062 1100 3114; x_wconf 90' lang='lat' dir='ltr'>L.</span> <span class='ocrx_word' id='word_1_207' title='bbox 1160 3060 1208 3113; x_wconf 84' lang='lat'>5.</span> <span class='ocrx_word' id='word_1_208' title='bbox 1256 3059 1440 3132; x_wconf 83' lang='lat' dir='ltr'>Sigon.</span> <span class='ocrx_word' id='word_1_209' title='bbox 1497 3064 1560 3122; x_wconf 78' lang='lat' dir='ltr'>L,</span> <span class='ocrx_word' id='word_1_210' title='bbox 1599 3063 1684 3126; x_wconf 76' lang='grc'>12,</span> <span class='ocrx_word' id='word_1_211' title='bbox 1738 3068 1803 3121; x_wconf 82' lang='lat' dir='ltr'>de</span> 
     </span>
     <span class='ocr_line' id='line_1_34' title="bbox 257 3128 619 3201; baseline 0.014 -24"><span class='ocrx_word' id='word_1_212' title='bbox 257 3128 440 3182; x_wconf 85' lang='lat' dir='ltr'>Occid.</span> <span class='ocrx_word' id='word_1_213' title='bbox 481 3131 619 3201; x_wconf 84' lang='lat' dir='ltr'>Imp.</span> 
     </span>
    </p>
   </div>
  </div>
 </body>
</html>
