2097 3726
515 186 1300 240 Romanorum.
1573 178 1692 238 185

101 376 196 419 tae
247 360 324 420 de
372 357 604 442 jejunio
648 353 972 429 sabbathi,
1054 355 1342 426 Quatuor
1392 371 1742 438 temporum
1771 398 1787 427 ,

99 450 506 529 Vigiliarum,
568 448 1023 527 Rogationum3
1088 446 1476 503 Litaniarum
1513 464 1654 502 usus
1698 443 1789 500 in-

98 537 348 612 ductus,
408 549 745 594 creverunt
784 535 1010 592 sensim
1065 546 1126 591 et
1191 537 1570 590 Cerimotzz'ae
1620 532 1785 588 circa

96 625 324 696 Sacra,
386 637 582 683 vestes
626 621 1012 681 sacerdotum
1055 635 1117 681 et
1167 621 1619 693 Diaconorum,
1681 617 1792 675 he-

97 713 476 772 nedictiones
513 732 875 782 cereorum,
936 723 1047 768 etc,
1097 709 1183 787 a)
1234 713 1531 786 Regimen
1580 709 1792 764 Eccle-

99 805 425 858 siasticam
467 798 585 857 fuit
622 820 809 880 penes
853 797 1133 879 Synodos
1174 796 1569 856 Universales
1595 841 1609 870 ,
1658 795 1781 854 Na-

98 888 394 960 tionaleS‚
442 886 892 959 Provinciales,
942 890 1067 946 imo
1114 901 1175 946 et
1219 884 1631 967 Principale5‚
1694 884 1787 939 in-

100 991 405 1057 quantum
465 977 527 1033 in
586 975 981 1057 gravioribus
1039 978 1303 1057 negotiis
1370 974 1787 1057 Imperatores

93 1063 377 1144 Synodos
444 1077 900 1137 convocarent,
982 1063 1458 1135 confirmarent,
1540 1059 1789 1118 Judices

93 1155 581 1226 constituerent,
626 1152 788 1235 leges
823 1155 1166 1226 sancirent,
1217 1151 1545 1232 dignitates
1579 1147 1792 1229 dispo-

89 1247 326 1300 nerent.
389 1242 470 1319 ὂ)
519 1242 818 1323 Magnum
867 1253 1069 1301 tamen
1111 1239 1226 1299 fuit
1276 1240 1399 1323 jam
1451 1237 1566 1297 hoc
1627 1254 1782 1294 aevo

89 1330 358 1388 Romani
401 1328 712 1390 Pontificis
768 1328 1116 1404 Judicium,
1172 1332 1234 1386 in
1290 1330 1484 1387 causis
1546 1324 1791 1408 potissi—

91 1439 264 1476 mum
307 1418 785 1478 Haereticorum
826 1421 1205 1499 expetitum,
1268 1415 1434 1476 unde
1477 1425 1664 1496 caput
1697 1424 1791 1468 at·-

87 1505 344 1581 tollere,
410 1521 472 1566 et
504 1505 662 1566 sedis
710 1507 1102 1588 Apostolicae
1151 1504 1638 1586 appellationum
1689 1496 1790 1579 ju-

89 1616 157 1652 ra
212 1595 329 1655 sibi
387 1594 708 1654 vindicare
758 1608 1139 1676 coeperunt,
1207 1596 1333 1650 imo
1382 1606 1445 1650 et
1497 1588 1790 1647 Viearios

87 1682 245 1742 sedis
315 1685 634 1753 Romanae
705 1682 835 1739 aliis
917 1682 1260 1764 provinciis
1330 1679 1791 1738 constituerunt

86 1791 322 1831 summa
356 1784 672 1856 potestate,
721 1769 1113 1829 Celebriores
1152 1765 1479 1829 Pontifices
1519 1762 1789 1823 Romani

85 1873 299 1937 erant,
359 1861 761 1917 Athanasius
818 1860 930 1941 qui
981 1860 1462 1918 Haereticorum
1510 1855 1790 1937 pertina-

83 1950 241 2006 ciam
296 1947 620 2008 celebratis
661 1948 941 2006 conciliis
986 1946 1202 2029 fregit,
1252 1957 1582 2027 corruptos
1633 1939 1785 2000 cleri

84 2057 291 2098 mores
322 2035 711 2109 emendavit,
744 2036 1065 2117 Evangelii
1085 2037 1412 2096 lectionem
1436 2028 1666 2091 stando
1681 2051 1789 2086 au-

85 2121 248 2198 diri,
289 2127 729 2207 neminemque
765 2124 1120 2184 mutilatum
1154 2123 1232 2182 ad
1271 2121 1784 2202 Presbyteratum

87 2209 327 2272 admitti
361 2211 550 2296 jussit.
577 2216 636 2272 S.
677 2216 956 2272 Zosimus
979 2212 1239 2297 hospitia
1270 2209 1659 2291 Presbyteris
1684 2208 1787 2266 in-

87 2297 379 2375 terdixit,
417 2316 479 2361 et
502 2294 753 2362 cereum
795 2301 1149 2361 Paschalem
1193 2301 1474 2360 instituit.
1520 2298 1789 2372 Bonifa-

85 2391 220 2444 ciac
241 2390 556 2447 Romanus
586 2391 894 2471 mancipia
915 2403 978 2449 et
1012 2389 1329 2450 debitores
1360 2387 1440 2447 ab
1460 2383 1784 2447 ordinibus

85 2477 362 2535 exclusit.
404 2477 461 2535 S.
504 2479 873 2535 Coelestitzus
915 2478 958 2534 Ι.
997 2476 1386 2561 Antiphonas
1417 2488 1479 2537 et
1515 2472 1786 2535 Psalmos

84 2577 226 2624 ante
243 2565 493 2624 Missam
510 2566 745 2625 cantari
774 2568 1107 2648 praecepit.
1150 2570 1210 2625 S.
1244 2569 1375 2624 Leo
1411 2567 1461 2622 I.
1488 2565 1785 2639 Magnus.

1551 2650 1696 2711 solis

147 2820 219 2891 a)
261 2823 336 2874 De
375 2823 643 2877 Ecclesiae
679 2823 876 2876 ritibus
917 2821 1035 2874 fuse
1071 2823 1126 2878 S.
1172 2822 1468 2891 Augustin.
1511 2824 1568 2874 in
1603 2820 1782 2891 Epist.

222 2890 335 2944 119.
378 2893 444 2944 ad
478 2895 812 2945 ,lanum-ium.
850 2892 919 2964 b)
956 2894 1110 2945 Unde
1149 2893 1395 2944 Socrates
1434 2894 1490 2944 in
1534 2892 1782 2944 Proemio

219 2965 283 3017 L.
324 2964 385 3016 V.
425 2965 499 3015 sic
546 2963 743 3014 refert:
804 2982 870 3014 ex
919 2982 1026 3033 quo
1077 2965 1439 3034 Imperatores
1480 2960 1778 3015 Christiani

218 3049 326 3083 esse
362 3045 691 3104 coeperunt,
732 3053 798 3085 ex
824 3034 930 3086 illis
962 3053 1046 3085 res
1082 3034 1346 3087 Ecclesiae
1378 3034 1779 3105 dependerunt.
