2097 3726
391 158 512 217 544
859 153 1469 210 Historia

306 330 453 389 nudi
495 341 556 387 et
601 325 870 400 sordidi,
932 347 1038 385 sua
1081 346 1397 408 quemque
1439 337 1640 384 mater
1689 323 1992 387 uberibus

305 420 413 476 alit
441 462 455 489 ,
487 436 601 473 nec
645 413 882 473 ancillis
909 428 1017 474 aut
1048 414 1398 475 nutricibus
1433 412 1821 495 delegantur.
1866 417 1995 473 Do-

303 508 540 563 minum
578 516 641 562 et
686 523 937 562 servum
983 502 1168 560 nullis
1208 500 1584 561 educationis
1620 500 1854 563 deliciis
1886 522 1994 581 ag-

300 613 551 665 nosceS,
620 589 771 649 lauti
833 590 1044 649 cibum
1094 591 1380 674 capiunt,
1420 602 1736 672 separatae
1783 591 1999 669 singu-

304 681 375 740 lis
416 679 622 754 sedeS‚
667 692 730 738 et
779 699 884 737 sua
927 680 1154 760 cuique
1208 699 1434 736 mensa.
1526 678 1820 760 Hospites
1864 677 2002 735 vio-

302 769 430 826 lare
470 766 559 826 fas
612 787 739 825 non
791 779 1045 849 putant:
1084 768 1190 847 qui
1230 786 1515 846 quaquae
1561 765 1638 824 de
1697 784 1875 821 causa
1924 762 2001 821 ad

301 877 404 916 eos
447 868 793 926 venerunt,
826 853 904 913 ab
946 851 1182 934 injuria
1223 849 1596 936 prohibent,
1636 865 2003 933 sanctosque

296 942 566 1018 habent3
615 945 687 1001 iis
755 943 1037 1000 omnium
1088 939 1308 999 domus
1366 954 1619 1023 patent,
1675 941 2004 1021 victusque

299 1032 812 1090 communicatur.
884 1031 952 1110 a)

476 1120 522 1197 ᾗ.
576 1121 630 1177 5.
680 1121 903 1176 Status
957 1116 1257 1176 Politioas
1292 1127 1352 1172 et
1386 1117 1619 1173 Forma
1658 1119 2001 1194 regimini&

301 1207 491 1267 Initio
531 1208 878 1266 Germanos
933 1203 1129 1262 nullas
1177 1202 1367 1269 urbes
1450 1200 1821 1270 habitavisse
1871 1207 2003 1262 Τα-

295 1299 457 1354 citus
512 1308 573 1355 et
619 1297 795 1352 Μεία
869 1292 946 1371 b)
1021 1294 1106 1352 sic
1160 1288 1490 1350 referunt:
1551 1292 1723 1352 sedes
1786 1291 1999 1351 colunt

295 1383 545 1444 discreti
589 1404 658 1441 ac
694 1383 926 1442 diversi
974 1396 1044 1440 ut
1083 1401 1335 1462 campus
1373 1377 1475 1439 vel
1531 1401 1747 1439 nemus
1787 1379 2002 1462 placit-ff

298 1474 380 1546 it,
433 1475 603 1532 vicos
638 1471 843 1530 locant
884 1491 1011 1529 non
1066 1470 1366 1527 connexis
1417 1481 1480 1527 et
1518 1466 1997 1528 cohaerentibus

301 1558 597 1619 aedificiis
616 1605 634 1632 ,
685 1581 856 1617 suam
892 1560 1162 1639 quisque
1194 1553 1448 1616 domum
1491 1559 1697 1639 spacio
1733 1558 2003 1618 circum-

308 1649 449 1721 dat⁷
491 1651 621 1707 sive
680 1647 973 1705 adversus
1027 1665 1196 1704 casus
1236 1644 1404 1725 *ignis
1451 1642 1832 1716 remedium,
1869 1646 2001 1702 sive

307 1737 547 1795 inscitia
592 1732 995 1808 aedificandi,
1055 1753 1167 1791 nec
1220 1730 1567 1813 tegularum
1635 1753 1780 1791 usus
1835 1730 2000 1814 apud

306 1824 480 1895 illos,
515 1825 773 1882 materia
819 1821 895 1879 ad
937 1826 1143 1879 omnia
1178 1832 1446 1877 utuntur
1488 1819 1779 1891 informi,
1811 1841 2002 1901 quae-

301 1912 442 1971 dam
509 1926 711 1972 tamen
766 1911 897 1969 loca
962 1909 1317 1989 diligentius
1380 1906 1628 1973 illinunt
1690 1921 1856 1966 terra
1914 1909 1998 1968 ita

301 2023 462 2082 pura
505 2021 572 2058 ac
608 1997 1001 2081 splendente,
1050 2011 1118 2054 ut
1160 1998 1468 2079 picturam
1507 2017 1576 2054 ac
1626 1995 1994 2055 lineamenta

302 2088 585 2147 colorum
634 2089 955 2160 imitetur3
1005 2107 1164 2166 quae
1227 2080 1543 2141 habitandi
1596 2086 1757 2142 ratio
1811 2081 1997 2143 hodie

299 2179 489 2237 etiam
536 2178 599 2233 in
648 2176 853 2233 multis
879 2173 1250 2231 Germaniae
1276 2170 1444 2245 locis,
1472 2173 1536 2228 in
1575 2173 1794 2253 primis
1813 2175 1995 2233 Vest-

298 2262 502 2348 phalia
553 2263 809 2323 obtinet.
903 2263 1106 2320 Porro
1151 2259 1228 2318 de
1296 2259 1760 2320 Germanorum
1834 2262 1996 2318 anti-

298 2375 419 2434 qua
475 2351 731 2411 Politica
787 2348 1029 2408 cultura
1068 2394 1083 2422 ,
1136 2348 1690 2429 antiquissimaque
1750 2346 1992 2409 emendi

300 2443 543 2499 ratione
615 2442 867 2497 Tacitus
887 2439 969 2496 sic
988 2435 1246 2498 disserit.
1297 2436 1354 2515 c)
1402 2437 1674 2518 proximi
1702 2435 1784 2498 ob
1814 2457 1995 2495 usum

298 2530 817 2594 commerciorum
885 2548 1109 2584 aurum
1166 2537 1227 2585 et
1287 2538 1615 2605 argentum
1669 2526 1730 2586 in
1779 2526 1993 2605 precio

300 2614 572 2688 habent,
611 2614 963 2696 formasque
1033 2612 1329 2697 quasdam
1394 2627 1643 2683 nostr-ae
1696 2614 1993 2695 pecuniae

1795 2722 1901 2781 ag·-

365 2909 438 2982 a)
476 2910 736 2997 T‘Jssstnc·
771 2910 856 2964 20.
887 2921 941 2963 et
967 2907 1053 2967 22.
1094 2909 1303 2961 Caesar.
1346 2908 1408 2959 L.
1454 2906 1512 2962 6.
1552 2905 1618 2956 de
1665 2904 1790 2958 hell.
1845 2905 1985 2961 Gall.

436 2977 1460 3109 affl}-5.0·d‡⁷;„52m3a„ffle12a·
1502 2977 1564 3039 12«
1603 2975 1651 3028 ³·
1697 2995 1742 3029 0·
