2097 3726
540 222 820 277 Romano
865 216 1240 275 Germanici.
1514 215 1634 297 471

35 397 334 457 mentiam
382 414 553 456 suam
603 391 804 452 Factis
855 389 1161 468 ostendit,
1206 389 1574 454 satellitibus
1606 389 1734 451 suis

34 482 473 568 praecipiendo
505 504 520 558 3
598 502 678 540 ne
751 499 1139 561 quemquam
1210 502 1562 565 pauperum
1630 499 1734 539 ac-

34 594 207 634 cessu
267 586 331 634 et
389 570 704 650 colloquio
763 587 875 626 suo
908 582 1228 644 arcerent,
1268 568 1511 629 dicens:
1576 569 1728 627 date

33 663 279 720 obsecro
341 657 687 717 hominibus
743 660 832 714 ad
891 677 986 714 me
1027 661 1351 716 accedendi
1418 661 1619 718 locum
1664 666 1729 717 et

19 752 435 826 facultatem,
475 767 595 803 non
631 747 795 802 enim
833 746 968 802 ideo
1000 748 1089 802 ad
1113 748 1456 822 Imperium
1486 756 1733 805 evectus

35 860 204 912 sum,
252 848 321 894 ut
350 835 700 893 hominibus
738 836 803 890 in
823 854 979 890 arca
1005 839 1400 910 praecludat·
1418 838 1445 892 !
1488 835 1733 894 Eximi-

35 948 134 984 am
177 944 430 1007 quoque
468 944 640 982 suam
687 923 982 1005 pietatem
1024 919 1257 983 famoso
1294 921 1400 982 illo
1440 937 1582 982 actu
1630 926 1735 983 in-

34 1014 323 1095 signivit,
395 1032 592 1092 quum
651 1007 850 1068 adhuc
911 1009 1191 1070 nondum
1247 1013 1597 1092 Imperator
1658 1009 1735 1070 ad

35 1102 283 1161 Sacram
329 1099 640 1184 Capellam
700 1098 766 1157 Β.
800 1097 880 1160 V.
926 1097 1167 1159 Mariae
1221 1101 1285 1158 in
1324 1099 1614 1159 Helvetia
1653 1101 1735 1159 si·-

34 1203 192 1263 tam,
267 1210 411 1250 cum
472 1189 828 1272 propinguo
883 1207 996 1246 suo
1060 1189 1454 1268 Kiburgensi
1509 1186 1731 1270 regulo

32 1275 567 1363 proficisceretur,
616 1278 681 1334 in
716 1279 817 1334 via
853 1274 1293 1352 Sacerdotem,
1340 1273 1590 1336 infirmo
1632 1297 1736 1336 sa-

29 1388 208 1425 crum
244 1369 563 1429 Viaticum
616 1363 1087 1448 deportantem,
1140 1368 1262 1426 iter
1311 1365 1574 1449 pedibus
1640 1366 1737 1425 in-

31 1455 419 1537 gredientem
463 1456 784 1514 inveniens
806 1499 822 1529 ,
847 1474 997 1514 mox
1032 1456 1403 1531 Radolplzas
1437 1453 1515 1515 de
1551 1453 1736 1537 Equo

31 1543 425 1617 descendenS,
462 1540 861 1602 Sacerdotem
894 1543 1226 1624 imposuit3
1269 1545 1399 1627 ipse
1433 1564 1587 1604 vero
1627 1564 1739 1626 pe-

30 1630 211 1693 dibus
249 1630 630 1696 Venerabile
683 1631 1157 1692 Sacramentum
1208 1653 1449 1691 summa
1507 1631 1738 1715 pietate

29 1743 177 1781 raro
216 1720 506 1803 exemplo
543 1742 741 1801 usque
777 1717 854 1776 ad
888 1733 1213 1801 aegrotum
1251 1722 1582 1779 comitatus
1624 1732 1734 1780 est.

31 1810 326 1870 Ceterum
357 1809 794 1869 Meritissimus
829 1810 1218 1889 Imperator,
1275 1821 1606 1892 postquam
1638 1811 1740 1869 vi-

28 1912 126 1958 tae
162 1895 350 1960 finem
384 1896 724 1958 adventare
761 1899 1046 1957 sensisset
1068 1942 1084 1972 ,
1127 1897 1443 1958 Electores
1470 1897 1520 1955 F
1521 1920 1741 1960 ranco-

28 1986 267 2047 furtum
305 2007 686 2058 convocanS,
750 2006 894 2045 cum
932 1980 1131 2044 filium
1187 2008 1370 2046 suum
1405 1989 1737 2046 Albertum

29 2076 267 2159 Regem
303 2077 733 2135 Romanorum
767 2072 1109 2134 creandum
1159 2098 1286 2135 non
1334 2076 1738 2151 obtinuisset3

33 2186 179 2246 eger
211 2186 425 2225 versus
453 2165 700 2247 Spiram
736 2164 854 2224 iter
893 2163 1733 2246 praeparabundusinstituit

30 2252 272 2313 dicens:
307 2252 427 2313 sibi
460 2252 688 2312 multos
727 2251 814 2311 ibi
841 2251 1306 2315 conveniendos
1338 2275 1466 2315 esse
1498 2255 1738 2339 Rege83

33 2340 315 2401 indicans
365 2361 430 2401 se
476 2341 565 2398 ibi
607 2340 857 2421 sepeliri
909 2340 1102 2402 velle:
1183 2358 1376 2426 prout
1410 2347 1477 2403 in
1515 2346 1729 2406 vicino

32 2427 286 2512 Oppido
353 2430 808 2487 Germerslzeim
863 2431 1050 2489 etiam
1111 2428 1370 2493 decessit
1428 2457 1477 2491 a.
1542 2435 1732 2496 1291.

32 2520 250 2580 aetatis
291 2518 387 2596 74.
447 2518 699 2600 imperii
767 2519 862 2576 18.
913 2514 1087 2599 cujus
1133 2519 1503 2600 Symbolum
1556 2537 1730 2584 erat:

32 2609 265 2665 Melias
290 2618 385 2663 est
426 2607 572 2665 bene
605 2610 960 2682 imperare,
1007 2629 1199 2684 qaam
1239 2612 1571 2686 imperium
1599 2635 1732 2670 am-

22 2698 256 2771 pliare.
308 2693 442 2755 Sub
490 2717 564 2755 eo
611 2694 1040 2758 memorabilia
1085 2711 1297 2769 erant,
1349 2702 1442 2758 uti
1487 2715 1733 2760 exstru-

32 2785 156 2843 ctio
181 2782 577 2844 admirandae
613 2783 1326 2868 TurrisArgentinensis
1356 2790 1539 2849 1277.
1575 2789 1737 2850 Ger-

34 2872 274 2933 maniae
327 2871 776 2956 Spectaculum.
863 2876 936 2931 ln
995 2874 1220 2934 Svevia
1283 2879 1466 2955 1278.
1522 2878 1732 2961 puella

36 2964 71 3021 8
123 2983 473 3036 annorum,
529 2983 793 3045 puerum
849 2965 1112 3046 peperit,
1178 2968 1249 3023 In
1286 2964 1520 3047 Anglia
1574 2991 1733 3032 vero

36 3050 403 3136 strangulati
436 3065 583 3113 sunt
625 3050 764 3112 248.
801 3050 836 3108 J
843 3050 1056 3130 udaei,
1097 3051 1270 3140 quod
1307 3076 1526 3118 aureos
1553 3080 1738 3121 num-

1517 3167 1652 3212 mOS
