2097 3726
513 192 574 247 R
620 212 652 245 o
699 209 760 245 m
804 209 845 245 a
890 206 932 243 n
977 207 1010 242 o
1059 210 1094 242 r
1140 209 1181 244 u
1227 210 1304 245 m.
1557 206 1675 265 177

70 375 211 412 ium
278 352 609 436 imperium
664 370 812 409 mox
880 348 1158 431 ingentes
1225 346 1445 409 nubae
1501 370 1759 433 excepe-

71 455 259 514 lunt,
306 443 600 542 quoniam
625 437 850 497 Hunni
890 434 1101 494 Asiam
1129 480 1143 508 ,
1195 436 1283 514 a)
1326 434 1515 497 Gothi
1550 462 1584 497 a
1628 442 1771 499 Ru-

50 531 189 605 flno
240 531 481 588 invitati
529 528 602 607 b)
641 526 968 584 Graeciam
1001 522 1179 584 foede
1231 540 1580 600 vastarent,
1630 529 1766 585 Ra-

47 618 224 694 finus
296 638 446 678 vero
520 629 582 675 et
646 617 812 671 Eutl
815 616 992 690 opius
1072 610 1445 674 factionibus
1513 616 1761 675 initium

68 702 303 766 darent.

242 793 289 870 ᾗ
343 792 397 851 5.
451 795 671 850 Status
731 792 1108 848 Literatum
1150 800 1211 847 et
1247 792 1518 848 Altium.
1587 792 1762 852 Sicut

68 883 267 967 prioli
302 891 528 951 aetate,
566 882 644 938 ita
673 892 732 939 et
769 900 934 937 nunc
962 880 1127 939 intel
1167 875 1545 938 Christianos
1570 902 1762 962 quam

65 968 319 1054 piminii
358 970 421 1025 in
458 970 724 1028 scientiis
763 970 1046 1026 eminuel
1052 980 1201 1041 unt3
1248 988 1392 1025 nam
1430 989 1461 1024 a
1496 965 1761 1028 Christi-

62 1060 193 1116 anis
242 1053 498 1115 Schola1
484 1079 607 1115 um
649 1053 1042 1140 publicarum
1085 1056 1428 1115 erectiones
1480 1051 1605 1136 jam
1642 1079 1761 1140 pa—

64 1144 185 1203 lam
247 1141 515 1219 fiebant,
601 1148 665 1204 in
735 1144 964 1226 quibus
1027 1145 1214 1204 Artes
1270 1156 1332 1203 et
1395 1143 1759 1226 disciplinae

65 1230 474 1292 traderentur.
537 1235 615 1293 Et
659 1231 916 1316 quidem
957 1246 1395 1316 praeterquam
1441 1231 1558 1290 sub
1595 1234 1760 1291 Juli-

62 1343 185 1378 ano
228 1318 517 1403 Apostata
544 1369 560 1395 ,
632 1320 988 1400 hujusmodi
1031 1318 1289 1382 Scholae
1333 1342 1485 1404 prae
1529 1323 1753 1382 ceteris

59 1422 239 1469 erant
297 1411 361 1467 in
415 1411 656 1471 oriente
709 1409 1290 1492 Constantinopoli,
1359 1411 1422 1466 in
1462 1407 1756 1491 Aegypto

54 1496 488 1571 Alexandriae,
538 1501 601 1557 in
647 1498 822 1557 Italia
864 1499 1118 1569 Romae,
1163 1499 1227 1555 in
1273 1497 1488 1554 Galliis
1529 1497 1753 1557 Trevi-

54 1588 148 1661 ri,
197 1585 500 1646 Massiliae
548 1601 659 1646 etc.
708 1587 868 1647 Nam
912 1587 1302 1643 Constantini
1339 1584 1425 1643 M.
1474 1583 1751 1666 Impera-

55 1676 209 1733 toris
259 1675 652 1757 Principatus
715 1696 863 1733 mox
918 1671 1114 1733 doctis
1172 1687 1236 1732 et
1299 1673 1538 1731 Sanctis
1603 1673 1755 1733 viris

51 1763 262 1844 coepit
299 1784 428 1822 esse
471 1764 757 1845 insigni53
819 1784 934 1845 per
972 1784 1043 1822 ea
1087 1763 1254 1823 enim
1294 1775 1579 1844 tempora
1616 1761 1751 1818 Ar-

52 1851 266 1909 nobius
293 1895 308 1924 ,
355 1853 774 1924 LactantiuS,
823 1853 1190 1910 Firmianus
1217 1895 1233 1925 ,
1289 1852 1497 1925 Crispi
1535 1849 1753 1909 Caesa-

51 1941 138 1999 ris
203 1940 532 2022 Magister,
620 1942 927 2000 Juvencus
995 1942 1182 2000 Poeta
1212 1983 1229 2013 ,
1306 1951 1370 1999 et
1438 1939 1750 2023 Eusebius

51 2028 460 2089 Caesariensis
511 2027 746 2088 Ariana
789 2026 927 2089 labe
971 2027 1234 2089 infectus
1259 2072 1275 2100 ,
1324 2028 1397 2107 c)
1446 2030 1750 2086 Donatus

51 2116 544 2192 Grammaticus,
615 2120 982 2177 Victorinus
1029 2115 1273 2177 Rhetor
1329 2116 1388 2174 S.
1430 2118 1754 2192 Isioi-ony-

48 2207 137 2261 mi
175 2206 585 2289 Praeceptor,
637 2209 783 2267 item
821 2206 880 2265 S.
929 2210 1164 2266 Paulas
1209 2206 1525 2277 Eremita,
1572 2218 1634 2265 et
1683 2204 1745 2263 S.

50 2294 367 2352 Antonius
403 2295 489 2353 M.
528 2292 699 2378 cujus
733 2296 1026 2378 precibus
1071 2297 1512 2355 Constantinus
1547 2314 1646 2366 se,
1680 2313 1754 2352 ac

53 2378 210 2439 filios
251 2382 524 2461 impense
562 2405 674 2464 per
715 2383 961 2443 Literas
1011 2382 1512 2456 commendavit,
1556 2393 1752 2466 prout

53 2482 117 2530 et
147 2468 208 2526 S.
235 2470 634 2527 Athanasius
664 2469 1030 2531 floruerunt.
1065 2471 1141 2549 cl)
1189 2473 1591 2530 Constantius
1624 2471 1751 2530 Im-

54 2569 310 2641 perator
345 2555 420 2614 ad
460 2559 694 2616 artium
720 2580 1057 2640 perennem
1092 2562 1461 2620 memoriam
1483 2603 1500 2632 ,
1534 2557 1751 2620 Obeli-

53 2667 228 2705 scum
291 2648 572 2706 omnium
631 2648 975 2707 maximum
1047 2646 1423 2706 Alexandria
1486 2649 1752 2706 Romam

892 2757 954 2791 m
1556 2732 1665 2792 de-

122 2905 238 3028 a)L
239 2905 509 2960 Ammian.
549 2904 717 2959 Marc
757 2905 818 2956 L.
857 2902 944 2960 31
984 2902 1049 2971 b)
1092 2905 1299 2961 Zosim.
1336 2905 1405 2963 L.
1444 2904 1492 2957 5.
1537 2903 1749 2957 Scor-at

194 2977 281 3102 ari
301 2975 822 3100 634313511321311
826 2975 940 3117 seii.
968 2974 1752 3111 gd)cVi)ssitiS.Billem(l}¹i·lziecisd

202 3115 464 3172 101.200.
