2097 3726
531 216 592 270 R
637 235 672 268 υ
717 230 778 267 m
824 232 866 266 a
913 231 953 266 n
998 230 1031 265 ο
1078 229 1113 264 r
1160 230 1202 265 ιι
1246 231 1323 272 m.
1581 212 1694 276 195

92 390 537 473 conquiescens
588 387 861 458 Stillc'co,
919 404 1118 464 quum
1164 383 1290 466 jam
1328 398 1506 446 antea
1548 386 1792 470 praedis

96 482 361 538 intentos
400 470 753 556 Visigothos
779 487 841 532 et
883 471 1153 530 Ilerulos
1202 471 1277 530 ad
1329 476 1638 534 Veronam
1679 474 1796 535 du-

96 581 426 627 centorum
469 561 739 622 millium
778 558 950 620 clade
998 559 1289 634 fudisset,
1336 562 1648 644 Augustos
1686 561 1798 624 ho-

98 677 285 714 nores
355 656 417 710 in
476 650 667 709 filium
743 670 926 709 suum
990 651 1371 707 Eucherium
1455 651 1794 713 transferre

99 745 346 812 statuit,
384 741 446 796 in
483 737 643 796 hunc
682 735 868 798 finem
907 738 1325 815 Goclgesillam
1370 738 1794 800 Vandalorum

96 852 309 912 regem
347 830 535 888 variis
571 825 863 908 gentibus
905 826 1180 885 cinctum
1221 826 1301 905 a)
1353 832 1412 885 in
1451 830 1794 889 Germani-

90 942 195 977 ain
230 933 292 978 et
328 916 594 974 Galliam
634 917 921 989 iinmisit3
967 912 1072 974 sed
1099 936 1245 974 mox
1287 914 1526 976 detecta
1559 915 1778 977 machi-

91 1010 396 1075 matione‚
443 1027 521 1065 ex
575 1003 865 1062 mandato
906 1005 1340 1085 Imperatoris,
1374 1026 1495 1063 una
1534 1028 1676 1064 cum
1718 1005 1797 1065 fi-

89 1095 174 1154 lio
213 1096 522 1152 Eucherio
561 1106 627 1150 ut
664 1091 942 1176 perfidus
985 1092 1063 1168 ὁ)
1106 1092 1450 1152 trucidatus
1485 1107 1610 1155 est:
1663 1117 1796 1177 quo

90 1181 255 1241 facto
296 1182 623 1239 Iluam-ias
678 1178 833 1240 adeo
891 1183 1239 1256 exercitum
1280 1185 1659 1257 concitavit,
1728 1195 1799 1241 ut

97 1271 197 1330 50.
240 1269 435 1329 millia
484 1270 760 1329 militum
813 1289 961 1327 mox
996 1266 1075 1327 ad
1127 1273 1383 1328 Alarici
1437 1267 1803 1351 Visigotho-

95 1381 240 1418 rum
289 1359 450 1441 regis
499 1373 699 1417 castra
743 1358 1162 1417 transiverint.
1230 1359 1494 1418 Interim
1545 1357 1797 1420 Vanda-

95 1445 302 1506 lorum
355 1449 590 1529 impetu
630 1449 837 1507 territi
877 1446 1161 1504 Britanni
1211 1447 1437 1507 milites
1480 1446 1800 1519 seditiosi,

101 1537 307 1619 primo
393 1539 689 1593 sisare-lem
713 1583 727 1607 ‚
821 1532 967 1593 dein
1054 1537 1470 1607 Gratianum,
1552 1533 1803 1594 tandem

106 1628 582 1682 Constantinum
630 1623 934 1696 militem,
999 1643 1189 1703 quem
1242 1633 1304 1682 et
1359 1625 1685 1680 IIonorius
1732 1623 1799 1679 in

89 1715 446 1772 societatem
520 1722 873 1793 receperat,
958 1711 1414 1792 Imperatorem
1478 1724 1794 1771 crearunt.

89 1802 159 1880 c)
207 1800 431 1860 Franci
474 1801 828 1873 Trevirim,
870 1821 906 1858 a
955 1799 1255 1859 Senatore
1299 1802 1580 1873 evocati,
1625 1795 1800 1879 cujus

94 1910 361 1949 uxorem
399 1891 634 1947 Lucius
677 1898 1010 1972 rapuerat,
1076 1901 1447 1972 occupantes
1474 1934 1490 1962 ,
1558 1887 1702 1948 inde
1739 1889 1805 1944 in

94 1977 392 2038 Celticam
436 1992 498 2038 et
536 1975 846 2060 Belgicam
898 1979 1244 2060 progressi,
1292 1998 1560 2058 regnum
1603 1975 1801 2034 Fran-

95 2067 302 2125 cicum
343 2069 406 2124 in
442 2065 641 2125 Gallia
674 2062 1124 2140 condiderunt,
1172 2067 1538 2147 Regemque
1582 2068 1801 2122 Vara-

96 2160 393 2215 mandam
434 2157 909 2215 constituerunt.
958 2155 1106 2213 Post
1148 2177 1312 2236 quae
1359 2153 1571 2214 Italiae
1610 2154 1796 2212 ruina

97 2256 303 2301 secuta
339 2257 467 2318 est,
529 2266 672 2304 nam
717 2245 1013 2301 Alaricus
1040 2245 1245 2327 ‘copiis
1284 2254 1498 2302 auctus
1533 2244 1801 2302 Romam

99 2333 307 2413 capit,
370 2333 700 2412 ipsumque
742 2334 1094 2390 Ilonore'am
1135 2333 1504 2406 Ravennae,
1549 2330 1661 2390 uhi
1697 2351 1798 2388 re·

101 2417 372 2491 sidebat,
416 2418 691 2493 obsedit,
737 2420 835 2478 cui
884 2441 1032 2502 pace
1079 2421 1418 2501 composita
1456 2420 1795 2486 concessit,

100 2521 170 2566 ut
216 2506 379 2564 ultra
418 2505 614 2588 Alpes
654 2508 1013 2588 Hispaniam
1063 2518 1124 2566 et
1166 2507 1467 2583 Galliam,
1517 2507 1801 2588 alioquin

97 2619 133 2655 a
184 2594 503 2668 Vandalis,
568 2595 824 2668 Svevis,
890 2607 952 2654 et
991 2592 1204 2654 Alanis
1251 2594 1487 2655 dudum
1541 2594 1790 2654 infestas

901 2705 941 2741 n
972 2687 1004 2741 2
1529 2704 1716 2744 occu-

171 2856 242 2925 a)
277 2853 473 2933 isidor.
515 2853 569 2940 in
608 2853 811 2935 Chrnn.
851 2852 1309 2933 Vandal3Zosim.
1359 2856 1421 2907 L.
1456 2855 1502 2907 6.
1544 2853 1611 2925 b)
1652 2854 1796 2904 Oro-

242 2925 482 3047 sss-51,-
537 2923 823 3045 asaf}
877 2924 1461 3065 2²¹>4f3¹a÷332332·3;..³¹}
1519 2994 1765 3049 Μ

243 3075 299 3118 et
337 3033 384 3120 6‘.
423 3033 626 3119 Zosnn.
662 3032 1005 3122 L··6‘·l3ss·ul2·
1043 3016 1263 3123 Diacoil.
1300 3041 1373 3124 'La
1401 3066 1489 3124 113.
1590 3036 1608 3054 ο
1690 3034 1705 3046 ⁶
1773 3033 1792 3050 ⁶
