2097 3726
357 235 480 278 loo
811 217 1419 279 Historia

266 389 641 454 reditarium
676 391 1055 473 obtinuerit,
1101 420 1134 456 a
1166 419 1291 480 quo
1325 399 1390 455 in
1417 395 1645 458 Milites
1685 410 1748 457 et
1779 397 1962 460 Cives

267 481 573 564 imperio,
635 479 926 567 deinceps
975 489 1254 566 Augusti
1298 487 1487 546 etiam
1531 488 1956 562 Imperatores

267 568 676 645 dicebantur,
746 573 856 654 qui
912 574 1127 635 titulus
1200 588 1373 635 antea
1435 572 1762 635 Belliducis
1817 589 1964 635 erat.

265 658 471 718 Porro
508 673 758 741 praeter
797 661 1133 744 Legiones,
1180 685 1344 746 quae
1377 662 1453 721 ad
1490 678 1711 722 nutum
1757 664 1966 746 Impe-

266 759 595 820 ratorum,
695 769 812 832 per
875 754 1232 832 provincias
1308 750 1611 835 dispersas
1682 750 1968 826 stabant,

267 848 450 896 erant
509 836 692 896 etiam
758 837 986 899 milites
1039 842 1449 898 Praetoriani
1503 862 1611 901 seu
1668 839 1968 900 Custodes

264 923 609 1007 CorporiS,
683 945 837 1007 quos
879 930 1294 1010 Imperatores
1334 940 1558 1011 'magno
1602 950 1867 987 numero
1906 941 1969 989 et

268 1032 500 1094 magno
545 1026 753 1072 sumtu
800 1012 1047 1075 alebant
1084 1017 1338 1083 Romae,
1399 1022 1483 1096 a)
1540 1019 1664 1090 Qui
1712 1018 1969 1076 Praeto-

265 1101 432 1160 riani
475 1101 811 1162 successive
862 1105 1008 1188 ipsis
1055 1105 1556 1187 Imperatoribus
1599 1104 1752 1164 adeo
1801 1105 1973 1187 peri-

267 1188 463 1250 culosi
508 1203 874 1266 evaserunt,
936 1205 1007 1251 ut
1043 1214 1266 1253 eorum
1301 1193 1801 1255 benevolentiam
1842 1215 1973 1250 ma·-

265 1279 403 1360 gnis
436 1279 786 1362 promissis,
835 1294 1152 1363 auctoque
1192 1281 1517 1364 Stipendio
1560 1282 1676 1343 sibi
1718 1279 1975 1342 concili-

265 1389 374 1427 are
420 1380 813 1449 cogerentur.
882 1369 1125 1441 Quibus
1166 1371 1231 1427 in
1271 1371 1750 1430 circumstantiis
1793 1382 1971 1453 post-

267 1476 458 1538 quam
487 1454 715 1516 milites
741 1454 1176 1518 observassent
1215 1459 1559 1543 Imperium
1598 1461 1663 1517 in
1703 1480 1809 1517 sua
1843 1480 1973 1516 ma·-

264 1566 354 1602 nu
403 1564 565 1619 esse,
637 1543 902 1606 nefanda
940 1549 1287 1608 temeritate
1330 1549 1561 1607 invisos
1613 1546 1731 1606 sibi
1769 1548 1974 1628 Impe-

266 1645 511 1691 ratores
562 1652 743 1714 saepe
797 1633 1228 1709 trucidarunt,
1313 1650 1375 1695 et
1429 1635 1576 1695 alios
1628 1636 1741 1718 qui
1791 1633 1974 1717 plura

268 1717 768 1803 pollicebantur,
814 1719 891 1780 ad
930 1721 1274 1806 Imperium
1314 1738 1693 1799 evexerunt3
1741 1722 1972 1806 quibus

267 1807 444 1868 factis
488 1829 563 1868 eo
599 1830 697 1868 res
753 1807 1177 1870 devenerunt:
1240 1825 1311 1870 ut
1353 1813 1739 1872 Praetoriani
1769 1855 1784 1885 ,
1848 1810 1974 1868 Im·-

266 1896 521 1981 perium
571 1895 792 1956 venale
842 1902 1280 1981 exposuerint,
1379 1902 1464 1959 sic
1517 1904 1752 1959 Didius
1814 1900 1975 1957 Juli-

269 2005 434 2043 anus
480 2005 784 2044 summam
837 1988 1086 2069 imperii
1129 2002 1499 2071 potestatem
1549 1986 1799 2072 publice
1839 1986 1976 2046 lici-

269 2074 393 2132 tari
433 2094 561 2134 non
602 2070 950 2133 abhorruit.
1001 2075 1170 2136 Haec
1204 2077 1349 2135 mali
1392 2078 1676 2159 contagio
1711 2099 1746 2134 a
1789 2077 1976 2135 Prae-

267 2162 573 2234 torianis,
637 2160 715 2219 ad
761 2184 1274 2247 unumquemque
1315 2167 1660 2226 exercitum
1706 2167 1770 2222 in
1805 2162 1976 2221 limi-

269 2247 439 2309 tibus
474 2251 666 2308 etiam
701 2250 1113 2312 excubantem
1154 2251 1336 2313 brevi
1377 2253 1749 2336 penetravit.
1839 2251 1976 2309 Un-

272 2335 352 2397 de
398 2358 597 2419 quum
652 2338 715 2397 in
761 2336 1048 2419 eligendo
1103 2341 1490 2424 Imperatore
1525 2362 1682 2399 unus
1734 2341 1977 2400 exerci-

272 2438 373 2485 tus
398 2424 576 2485 alteri
608 2424 830 2486 cedere
865 2425 1201 2502 noluisset,
1242 2450 1422 2513 saepe
1453 2428 1661 2490 electis
1686 2427 1976 2512 pluribus

273 2511 809 2596 Imperatoribus,
877 2517 1272 2595 gravissimae
1310 2517 1522 2579 caedes
1570 2538 1789 2578 eorum
1823 2538 1978 2576 cau-

275 2622 337 2660 sa
381 2599 793 2661 invaluerunt.
867 2602 1068 2674 Quale
1118 2608 1423 2665 Militare
1476 2609 1817 2682 Imperium
1859 2603 1977 2663 sub

271 2685 552 2749 Ethnicis
615 2689 1112 2773 Imperatoribus
1160 2696 1367 2776 viguit
1417 2716 1616 2776 usque
1678 2691 1756 2752 ad
1818 2695 1974 2750 Con-

274 2779 627 2836 stantinum
663 2782 756 2838 M.
813 2813 899 2824 ——
958 2780 1141 2854 Quod
1173 2781 1334 2867 leges
1376 2785 1628 2844 attinet:
1688 2802 1964 2862 eousque

1757 2868 1889 2928 Im-

337 3037 412 3100 a)
488 3038 709 3095 Sveton.
750 3040 810 3108 in
862 3041 1090 3112 August.
1144 3061 1195 3104 c.
1242 3039 1332 3103 37.
1379 3039 1592 3102 LaziuS.
1640 3039 1955 3100 Comment.

406 3105 564 3181 Reip.
591 3110 753 3166 Rom.
787 3111 853 3168 L.
886 3109 933 3167 1.
974 3121 1028 3166 et
1061 3112 1118 3173 2.
