2097 3726
396 105 520 166 460
861 109 1165 168 Historia
1206 108 1467 187 Imperii

310 299 533 360 tatem,
583 289 1004 347 reverentiam
1047 300 1111 348 et
1146 288 1506 350 libertatem
1535 283 1801 349 feliciter
1838 310 2011 350 rece-

297 378 425 459 pit3
471 373 652 459 cujus
695 373 976 436 firmitati
1027 391 1097 437 ut
1135 380 1470 462 Praecipui
1529 378 1821 462 Eurupae
1872 380 2012 440 Mo-

302 462 570 527 narchae
626 468 1006 524 Franciscus
1060 468 1115 527 I.
1171 468 1466 528 Austriae
1518 466 1679 550 Imp.
1729 470 2012 533 Alexan-

298 561 413 614 cler
462 556 514 614 I.
555 554 815 615 Russiae
869 555 1024 639 Imp.
1066 569 1129 617 et
1191 558 1566 616 le‘lhelmas
1612 559 1735 616 III.
1780 559 2013 619 Borus-
2082 625 2085 639 t

298 648 425 706 siae
466 667 618 719 rex,
664 643 897 725 aliique
936 645 1254 731 Principes
1291 658 1364 706 ut
1394 643 1732 705 salubriter
1765 649 2011 732 prospi-

298 748 548 808 cerent,
628 756 723 792 an.
786 734 970 793 1815.
1028 737 1270 793 Foedus
1325 736 1757 793 Christianam
1809 738 2012 798 inive-

304 838 476 898 runt,
517 836 580 883 et
609 820 751 903 jure
788 821 1056 902 jurando
1092 823 1563 885 stabiliverunt:
1611 845 1674 884 se
1706 828 2008 886 continuo
2086 854 2088 865 =

303 936 433 971 non
484 910 672 972 modo
707 912 871 992 leges
910 911 1125 972 civiles
1166 914 1404 972 cunctis
1437 912 1726 996 gentibus
1762 917 2014 998 propri-

301 1024 406 1077 35,
495 1000 600 1061 sed
671 1003 860 1060 etiam
915 1001 1262 1083 Religionis
1320 1003 1542 1062 Sancta
1605 1006 1881 1062 instituta
1951 1007 2013 1065 in

305 1090 598 1152 omnibus
623 1135 637 1163 ,
690 1104 752 1149 et
792 1111 905 1171 per
940 1094 1149 1149 omnia
1184 1091 1305 1151 rite
1337 1089 1794 1152 observaturos.
1845 1095 2013 1165 Quo·
2096 1129 2097 1158 2

300 1203 448 1240 rum
503 1178 663 1238 felici
713 1179 1022 1261 gubernio
1073 1178 1422 1240 desiderata
1474 1180 1711 1242 dudum
1768 1204 1894 1266 pax
1952 1194 2015 1243 et

301 1267 724 1353 tranquillitas
764 1267 1072 1329 Ecclesiae
1111 1271 1395 1329 restituta
1431 1284 1540 1330 est.
1695 1323 1697 1326 Α

482 1359 530 1439 §.
584 1358 638 1416 5.
706 1360 929 1416 Status
974 1360 1278 1418 Politia-as
1334 1369 1395 1415 et
1435 1362 1670 1417 Forma
1729 1360 2018 1435 Regimi,

301 1452 435 1521 Ῑιίε,
520 1449 662 1505 inde
730 1470 774 1505 a
854 1449 1098 1525 Magno
1166 1451 1584 1527 Inter-regno,
1676 1469 1869 1525 usqae
1930 1452 2021 1507 ad
2096 1522 2097 1539 χ

303 1549 589 1596 nostram
625 1548 918 1595 aetatem.
987 1537 1437 1597 Germanicum
1485 1538 1832 1621 Imperium
1875 1551 2016 1619 post

301 1637 573 1685 mortem
615 1628 925 1685 Friderici
971 1628 1058 1684 II.
1103 1624 1334 1686 factum
1366 1639 1456 1686 est
1495 1628 1861 1686 Electiticcm
1900 1648 2015 1709 per

304 1715 653 1788 Elect01e8‚
716 1739 750 1774 a
789 1714 1023 1797 quibus
1067 1729 1209 1798 post
1244 1713 1696 1798 depositionem
1732 1716 2016 1774 Fricleri-

303 1808 362 1862 ci
399 1802 630 1863 electus
668 1817 759 1862 est
790 1806 1000 1861 Hem
976 1826 1110 1861 zeus
1141 1803 1606 1886 Landglavius,
1653 1803 1798 1864 dein
1843 1806 1944 1861 ll
1932 1807 2016 1862 ll·-

304 1895 542 1950 belmas
576 1890 943 1952 Hollandiae
981 1892 1202 1952 Comes
1228 1938 1244 1967 ‚
1292 1906 1355 1952 et
1389 1894 1748 1969 Alphonsas
1782 1890 2014 1954 Castel-
2063 1894 2067 1901 ’

304 1981 401 2042 lae
438 2001 588 2054 rex,
658 2003 693 2039 a
737 2002 866 2063 quo
917 1982 1265 2062 interregni
1313 1995 1601 2063 tempore
1643 1982 1865 2065 passim
1917 1981 2013 2066 jus

301 2071 659 2131 Electorum
719 2071 783 2127 in
837 2069 1040 2152 legem
1091 2068 1307 2131 abivit.
1372 2068 1604 2130 Eadem
1665 2072 2011 2154 interregni

302 2159 621 2221 occasione
678 2159 1034 2217 institutum
1083 2170 1175 2218 est
1232 2159 1348 2218 Jus
1414 2161 1889 2236 Austregaram
1949 2159 2014 2219 id

305 2261 429 2322 est,
484 2245 822 2306 arbitraria
878 2260 940 2308 et
1007 2249 1548 2331 compromissaria
1608 2247 1883 2324 Judicia3
1930 2248 2009 2310 de

304 2336 539 2421 quibus
562 2337 729 2395 Juris
761 2334 1002 2395 Publici
1028 2338 1362 2421 scriptores
1390 2336 1522 2397 fuse
1560 2349 1767 2421 agunt.
1802 2339 2007 2420 Igitur

306 2424 479 2509 quod
515 2423 779 2485 formam
824 2426 1149 2509 regiminis
1188 2427 1441 2504 attinet3
1489 2425 1621 2487 fere
1662 2425 1835 2485 nulla
1874 2427 2010 2488 exi-

304 2518 442 2590 stit,
521 2537 685 2597 quae
737 2536 881 2574 cum
946 2514 1326 2576 Germaniae
1363 2518 1584 2592 firma
1652 2516 2009 2599 comparari

302 2618 526 2690 posset.
606 2605 807 2687 Caput
861 2603 1114 2686 quidem
1162 2606 1420 2688 Imperii
1473 2617 1564 2666 est
1624 2604 2009 2688 Imperator,

303 2695 409 2754 sed
463 2693 596 2776 ejus
652 2694 929 2776 potentia
981 2706 1043 2753 et
1095 2696 1432 2755 auctoritas
1484 2707 1579 2753 tot
1622 2691 1864 2776 legibus
1919 2705 2011 2752 est

302 2784 808 2865 circumsclipta‚
888 2797 959 2840 ut
1013 2784 1221 2865 potius
1275 2784 1440 2844 inter
1494 2803 1671 2866 pales
1706 2783 2007 2881 ’piimuS‚

303 2895 494 2956 quam
528 2872 829 2931 Dominus
866 2870 987 2931 dici
1025 2869 1280 2932 debeat:
1330 2872 1584 2956 Imperii
1620 2871 1787 2928 enim
1825 2870 2011 2955 Prin-

302 2965 468 3047 cipes
507 2981 713 3044 neque
751 2957 984 3023 subditi
1032 2972 1206 3039 sunt·
1253 2981 1462 3045 neque
1494 2979 1749 3044 ploisus
1782 2954 1877 3018 sui
1912 2956 2009 3040 ju-

1803 3047 1922 3117 lis,
