2097 3726
613 157 917 217 Historia
959 157 1308 216 Slavoram.
1597 179 1628 217 2
1644 160 1719 237 47

112 353 260 413 nam
297 331 648 417 appellavit.
697 331 994 392 Ceterum
1031 331 1094 390 in
1140 328 1252 391 hac
1301 333 1614 393 communi
1659 333 1805 393 Sar-

114 437 416 482 matarum
453 420 872 503 dispersione,
940 418 1118 477 multi
1171 420 1287 480 sub
1319 426 1592 483 nomine
1651 425 1807 482 Sla-

111 533 329 568 vommz
372 509 539 572 sedes
584 528 718 568 suas
755 507 920 566 ultra
959 507 1310 587 Vistulam‚
1374 525 1438 570 et
1472 513 1809 596 Carpatum

113 614 389 658 montem
427 617 716 682 posuere,
763 595 874 655 ubi
912 593 1121 656 seculo
1165 597 1275 659 IV.
1309 598 1387 657 ab
1431 602 1810 658 Har-mana-

113 691 242 745 rico
275 686 479 746 Gotho
514 683 787 758 subacti,
855 681 1105 744 demum
1149 684 1394 746 Hunnis
1441 701 1803 770 paruerunt.

114 777 288 847 Quor
294 797 396 832 um
457 774 720 856 imperio
791 771 1187 856 postmodum
1259 774 1563 857 collapso,
1661 797 1808 861 pars

112 865 442 945 quaepiam
470 861 802 920 Slavorum
844 859 923 919 ad
968 863 1153 921 imam
1192 863 1462 923 Danubii
1495 887 1667 925 oram
1698 888 1810 966 pe-

110 952 420 1023 netravit‚
467 949 847 1032 crebrasque
889 951 953 1008 in
1006 950 1494 1031 Byzantinorum
1548 956 1811 1036 provin-

110 1041 228 1098 cias
272 1040 655 1097 incursiones
701 1036 850 1097 fecit
880 1037 996 1097 sub
1036 1041 1322 1113 sustine,
1368 1041 1487 1100 sub
1525 1043 1812 1099 Justini-

109 1149 228 1184 cmo
266 1128 312 1186 I.
353 1139 547 1186 totam
602 1125 927 1188 Graeciam
974 1125 1352 1201 devastavit,
1422 1127 1507 1208 a)
1550 1153 1675 1212 qua
1711 1153 1816 1188 ar-

110 1237 360 1273 morum
410 1216 676 1274 victoria
726 1213 872 1275 elati
915 1214 1124 1291 Slavi,
1173 1231 1491 1299 tamquam
1539 1218 1810 1300 gloriosa

109 1304 280 1362 natio
315 1300 598 1383 Scythica
624 1348 639 1378 ,
673 1306 1015 1377 emiserunt
1048 1324 1082 1362 e
1103 1305 1243 1364 sinu
1275 1327 1389 1365 suo
1409 1303 1562 1365 duos
1581 1304 1805 1366 fratres

109 1392 428 1476 Principes
472 1394 747 1450 Leclzum
773 1413 997 1475 nempe
1045 1405 1107 1451 et
1153 1395 1496 1468 Czeckum,
1543 1416 1621 1453 ex
1663 1397 1808 1476 qui⁴

107 1479 225 1539 bus
281 1481 528 1538 Leclzzcs
584 1479 953 1552 Quadorum
1007 1492 1279 1556 terram,
1347 1503 1455 1541 seu
1514 1484 1807 1540 Silesc'ccm

105 1581 170 1627 et
218 1571 538 1644 ffIajorem
584 1572 902 1627 Polom'am
943 1572 1310 1651 occupavit,
1382 1571 1655 1627 Czeclzus
1701 1592 1811 1629 ve·-

105 1678 181 1716 ro
225 1659 593 1715 Μοναυὶαιη
643 1670 706 1716 et
752 1658 1127 1713 Bolzemc'cmz
1184 1679 1277 1714 an.
1320 1655 1426 1715 Ch.
1470 1657 1612 1723 550,
1659 1679 1808 1717 con-

106 1743 279 1806 sedit.
361 1746 509 1804 Pars
556 1745 672 1803 alia
732 1744 1101 1817 Slavorum‚
1169 1742 1389 1826 jugum
1449 1743 1806 1808 Avarorum

105 1833 318 1893 subire
351 1832 699 1916 compulsa,
746 1833 929 1892 brevi
968 1833 1046 1892 ab
1083 1834 1157 1892 iis
1180 1880 1194 1906 ‚
1232 1833 1334 1892 alii
1369 1848 1615 1916 partem
1650 1837 1811 1895 Pan--

107 1924 360 1994 noniae,
399 1921 506 1980 alii
541 1944 695 1982 vero
722 1922 1024 1981 Noricum
1049 1921 1585 1983 Mediterraneum
1606 1922 1804 2006 (quod

108 2010 187 2069 ab
232 2012 410 2070 novis
465 2011 678 2071 incolis
731 2013 1154 2069 Carentatzzcm
1202 2009 1436 2070 dictum
1480 2024 1604 2084 est,
1634 2011 1669 2089 )
1711 2034 1812 2071 ac-

108 2114 425 2181 ceperunt.
507 2100 803 2160 Ceterum
851 2099 1089 2160 Slavini
1129 2102 1386 2181 geneiis
1433 2099 1805 2177 multitudO,

111 2189 342 2268 partim
394 2189 459 2246 in
508 2190 677 2249 avito
726 2203 895 2248 trans
952 2189 1289 2272 Carpatum
1335 2188 1466 2249 solo
1518 2192 1810 2271 persiste-

108 2273 249 2348 bat,
318 2276 545 2356 partim
599 2275 675 2335 ad
736 2279 1246 2359 septemtrionem
1294 2279 1456 2338 inter
1509 2276 1811 2340 Fennicos

109 2360 413 2445 populos,
485 2361 587 2423 vel
642 2365 800 2425 citra
860 2365 1170 2427 Vistulam
1226 2365 1303 2425 ad
1364 2387 1651 2430 occasum
1706 2368 1809 2429 vel

109 2463 391 2509 austrum
446 2450 743 2533 paulatim
794 2475 910 2536 per
946 2451 1296 2514 devastatas
1342 2455 1806 2516 Germanorum

109 2538 584 2619 migrationibus
626 2553 821 2599 terras
861 2562 924 2600 se
965 2562 1030 2601 se
1070 2541 1494 2618 diffundebat3
1540 2541 1706 2604 unde
1744 2559 1809 2606 et.

112 2627 460 2687 Russorum
506 2625 802 2710 majoreS,
864 2630 1187 2710 regionem
1222 2652 1258 2688 a
1297 2633 1527 2689 Kiovia
1561 2630 1640 2690 ad
1678 2632 1809 2692 No-

111 2712 476 2798 vogardiam
518 2737 804 2800 magnam
837 2715 1270 2779 consederunt.
1319 2718 1503 2779 Ultra
1533 2715 1691 2778 hanc
1713 2740 1807 2781 se-

1619 2805 1729 2869 des

182 2971 254 3046 a)
291 2975 607 3041 cromerus.
643 2977 710 3034 L
747 2974 796 3032 1.
834 2977 975 3031 Hist.
1012 2977 1204 3034 Polou.
1241 2979 1441 3034 Sabell.
1481 2979 1540 3033 in
1578 2981 1720 3036 Hist.
1749 2994 1807 3038 et

251 3046 481 3101 Joannes
518 3042 734 3107 Laetus.
769 3049 964 3122 Comp.
1003 3048 1142 3103 Hist.
1179 3050 1346 3107 Univ.
1383 3070 1441 3124 p.
1483 3051 1601 3108 159.
1638 3072 1750 3127 seq.
