2097 3726
609 166 888 222 Romano
935 162 1320 218 Graecanica
1590 181 1713 244 279

118 336 224 395 III.
271 335 1015 418 Constantinopolitanum
1060 357 1154 392 an.
1207 332 1344 393 680.
1390 338 1450 394 in
1508 359 1636 419 quo
1689 361 1800 398 er-

117 446 290 483 rores
334 426 585 485 illorum
627 423 896 480 damnati
949 421 1219 482 fuerunt.
1279 426 1626 483 Ts-iclzez‘cae
1675 442 1802 489 tres

115 514 178 570 in
216 516 514 573 Trinitate
568 528 814 570 naturas
873 510 1269 569 admiserunt.
1321 513 1456 572 Hoc
1500 535 1654 573 aevo
1705 519 1802 575 in-

114 601 446 661 valuerunt
498 601 874 681 templorum
928 597 1309 672 ‹lotatione3‚
1390 602 1799 664 Monasterio-

111 712 256 748 rum
287 692 644 757 erectiones,
671 689 1078 762 lustrationeS,
1109 690 1651 769 peregrinationes,
1683 708 1796 753 etc.

287 781 497 840 Sec-alo
547 778 740 834 VIII.
790 776 1243 835 Saracenorum
1298 777 1585 861 stupendi
1640 803 1798 863 pro-

109 886 345 945 gressus
399 870 459 923 in
513 868 755 925 oriente
811 862 1216 923 Christianam
1254 865 1620 947 religionem
1668 870 1797 930 fere

107 969 547 1036 oppresserunt
572 999 586 1026 ,
636 967 823 1036 prout
864 955 1048 1012 etiam
1084 975 1300 1034 graves
1344 955 1551 1014 turbas
1588 960 1797 1016 0011οἰ-

105 1055 317 1099 tarunt
361 1044 821 1102 controversiae
878 1040 955 1100 de
1012 1041 1186 1100 cultu
1239 1042 1613 1124 imaginum,
1684 1048 1798 1129 qui

103 1129 307 1188 cultus
359 1154 392 1188 a
442 1133 628 1189 variis
678 1129 970 1190 Conciliis
1011 1128 1132 1211 jam
1180 1127 1624 1206 damnabatur,
1674 1132 1799 1215 jam

99 1217 603 1299 approbabatur,
651 1218 791 1278 hine
825 1221 1246 1277 Icotzoclastae
1282 1219 1385 1280 vel
1427 1224 1798 1279 Incotzoma-

98 1308 199 1363 clei
241 1305 532 1366 haeretici
576 1310 701 1366 nati
742 1321 920 1378 sunt,
986 1309 1095 1388 qui
1138 1308 1506 1389 imaginibus
1552 1310 1794 1373 nullum

98 1393 336 1453 cultum
371 1395 777 1458 deferendum
816 1417 941 1455 esse
978 1395 1306 1458 dixerunt}
1357 1420 1516 1479 quae
1558 1397 1793 1457 doctri-

98 1505 178 1540 na
219 1482 503 1546 damnata
542 1499 631 1546 est
689 1486 748 1543 in
801 1483 1072 1566 generali
1127 1484 1404 1544 Concilio
1444 1487 1796 1546 Constanti-

95 1570 459 1652 nopolitano
500 1573 603 1632 IV.
650 1594 827 1631 anno.
873 1573 1013 1631 754.
1053 1570 1248 1629 Aliud
1287 1574 1638 1633 Concilium
1673 1574 1794 1636 fuit

94 1658 400 1721 Nicenum
439 1665 513 1720 ΙΙ.
564 1659 736 1741 cujus
776 1681 997 1741 scopus
1042 1673 1178 1719 erat
1218 1662 1530 1721 restitutio
1571 1665 1792 1745 imagi-

94 1769 245 1805 num
306 1749 370 1806 in
451 1749 696 1832 templis
768 1761 828 1807 et
889 1747 1039 1810 locis,
1095 1747 1378 1831 publicis.
1490 1751 1786 1812 Ceterum

92 1836 314 1896 Graeci
364 1835 484 1916 jam
536 1836 698 1897 istud
737 1835 1083 1896 Concilium
1123 1858 1240 1918 pro
1280 1839 1617 1900 universali
1659 1863 1788 1900 non

94 1940 471 2006 agnoscunt,
540 1928 844 2008 quoniam
883 1924 971 1983 illi
1013 1938 1255 1984 tantum
1296 1937 1531 2001 septem
1562 1928 1788 1988 Conci-

90 2009 173 2070 lia
221 2015 595 2075 universalia
658 2013 845 2078 fuisse
890 2012 1169 2074 credunt.
1230 2013 1390 2074 Item
1438 2037 1615 2075 usum
1683 2040 1789 2077 or-

91 2121 391 2180 ganorum
437 2117 498 2163 et
543 2105 804 2162 musices
844 2104 906 2162 in
954 2103 1249 2162 Ecclesias
1314 2103 1534 2164 latinas
1597 2106 1780 2166 indu-

91 2202 299 2262 ctum,
347 2191 571 2251 Graeci
616 2191 988 2272 rejecerunt.

271 2278 491 2337 Seculo
544 2281 650 2338 IX.
692 2281 990 2346 Pervenit
1029 2277 1145 2340 hoc
1169 2302 1323 2341 aevo
1360 2279 1784 2344 Christianum

89 2386 317 2425 nomen
363 2366 439 2428 ad
483 2369 673 2430 Jzzclos
721 2369 1119 2443 Mammas-es,
1185 2369 1360 2451 quod
1396 2370 1632 2431 tardius
1667 2394 1783 2454 per

90 2453 487 2513 Nestorianos
524 2455 920 2513 obscuratum
958 2454 1090 2514 fuit.
1137 2458 1215 2535 a)
1262 2458 1646 2519 Orientalem
1672 2462 1788 2520 Ec—

87 2540 333 2600 clesiam
373 2553 814 2625 oppresserunt
845 2541 1135 2602 haeretici
1191 2565 1376 2625 supra
1442 2551 1786 2623 nominati,

93 2630 396 2711 imprimis
441 2644 644 2690 autem
675 2645 984 2690 vexarunt
1018 2635 1445 2704 contentiones
1483 2657 1628 2697 cum
1659 2636 1784 2695 La·-

90 2718 232 2776 tinis
258 2766 276 2790 ‚
337 2717 460 2800 jam
498 2740 659 2776 nunc
696 2722 756 2776 in
796 2733 1081 2800 apertum
1117 2718 1389 2780 Schisma
1426 2738 1785 2807 erupturae.

105 2807 348 2868 Causae
382 2805 826 2871 dissensionum
858 2820 1033 2869 erant
1065 2811 1305 2883 variae,
1351 2813 1472 2871 uti:
1534 2826 1794 2872 conten-

1618 2915 1705 2960 UO

171 3064 244 3136 a)
284 3067 528 3120 Maffcus.
573 3069 633 3124 L.
670 3068 715 3119 2.
