2097 3726
503 159 784 213 Romano
838 153 1198 209 Germanici
1505 156 1584 237 59
1600 174 1625 214 1

37 351 182 390 nam
227 352 398 391 suam
453 330 948 406 Theophaniam‚
995 348 1185 408 quam
1250 324 1378 384 filio
1427 348 1538 390 suo
1602 334 1723 389 Oc..

30 423 161 478 toni
211 420 301 478 II.
352 421 412 479 in
473 439 754 502 sponsam
807 417 1179 498 promiserat
1222 437 1345 474 una
1387 435 1534 482 oum
1573 415 1723 480 dote

26 530 223 589 regno
275 506 579 590 Apuliae,
626 518 834 588 postea
885 524 1014 562 non
1059 502 1245 564 modo
1311 501 1721 585 denegatam,

32 596 138 656 sed
190 607 251 655 et
329 595 458 677 ejus
514 595 742 675 legatos
802 589 1038 676 perfide
1095 595 1323 652 occisos
1361 634 1379 664 ‚
1440 591 1517 657 de
1579 593 1724 656 sede

27 686 436 766 Imperatoria
509 704 622 765 per
682 683 987 738 Jtzamzem
1043 684 1370 739 Zimiscem
1455 679 1723 763 dejecit3

27 772 328 854 Apuliam
395 783 456 830 et
529 769 879 829 Calabriam
962 772 1149 829 armis
1224 771 1605 851 occupavit,
1661 785 1724 831 et

28 864 295 920 Graecos
348 859 436 918 ibi
496 857 840 918 habitantes
892 861 1124 940 partim
1183 855 1448 928 occidit,
1491 861 1724 941 partim

28 948 282 1007 naribus
328 962 646 1006 truncatos
700 945 1319 1029 Constantinopolim
1364 947 1722 1006 transmisit.

30 1038 118 1117 a)
167 1036 287 1093 An.
337 1038 485 1097 970.
528 1035 631 1094 Ab
698 1040 920 1095 Octone
978 1038 1158 1116 petiit
1213 1036 1461 1091 Helena
1510 1034 1726 1116 Rugo—

31 1147 174 1184 rum
192 1127 405 1206 regina
426 1125 757 1207 Episcopos
780 1137 840 1184 et
858 1123 1259 1203 presbyteros
1286 1168 1302 1197 ,
1320 1124 1432 1203 qui
1471 1137 1727 1206 gentem

28 1236 165 1273 eam
211 1214 285 1270 ad
346 1214 712 1273 Doctrinam
764 1210 1180 1273 Christianam
1229 1210 1588 1271 imbuerent
1632 1235 1728 1272 an.

32 1303 176 1363 960.
289 1301 525 1362 Eodem
580 1302 810 1362 Ottone
864 1302 1253 1385 Coeperante
1308 1322 1386 1357 an
1451 1301 1597 1361 965.
1660 1303 1727 1359 in

27 1391 249 1471 Regno
290 1390 586 1450 Poloniae
626 1389 876 1472 Religio
918 1386 1262 1448 Christiana
1308 1386 1555 1447 inducta
1600 1403 1725 1463 est,

29 1500 299 1560 quorum
331 1480 620 1562 princeps
653 1481 962 1537 Mieslazcs
1009 1476 1296 1537 Gnesnae
1346 1476 1731 1558 baptismum

31 1570 313 1650 suscepit.
407 1567 538 1625 Sub
589 1588 662 1625 eo
699 1565 922 1625 accidit
961 1588 1056 1624 an.
1093 1567 1238 1627 968.
1283 1563 1458 1645 quod
1512 1568 1728 1623 Hatto

34 1677 113 1715 ex
177 1656 423 1715 Abbate
497 1652 788 1713 Fulde-nsi
851 1655 1192 1736 Episcopus
1259 1653 1670 1734 Moguntinus
1708 1701 1726 1728 ,

31 1767 229 1826 quum
277 1766 497 1824 magna
538 1756 691 1801 esset
730 1765 843 1826 per
875 1743 1191 1825 Europam
1238 1740 1539 1800 frumenti
1593 1745 1735 1802 ino-

30 1836 173 1916 pia,
218 1854 521 1915 pauperes
574 1853 798 1914 panem
866 1829 1275 1913 implorantes
1320 1832 1494 1912 quasi
1545 1852 1735 1890 exau-

32 1921 288 1981 divisset
341 1924 406 1979 in
463 1919 762 1980 horreum
817 1941 1003 1979 suum
1056 1921 1569 2001 congregaverit,
1618 1920 1731 1979 ubi

30 2009 244 2070 cibum
304 2023 699 2093 expectantes
751 2011 977 2069 misere
1034 2008 1325 2067 comburi
1378 2006 1732 2091 jussit‚qui

33 2097 183 2158 dum
230 2098 611 2182 plorassent,
654 2097 923 2180 superbe
971 2095 1196 2157 dixisse
1240 2095 1475 2156 fertur:
1550 2100 1739 2156 (cadi-

33 2200 93 2246 te
156 2192 449 2264 quomodo
514 2191 609 2246 illi
669 2209 876 2244 mar-es
908 2187 1334 2261 frumentarii
1404 2188 1737 2248 sibillam!

35 2297 261 2334 verum
311 2278 490 2333 Deus
538 2276 620 2334 ob
677 2273 832 2333 hanc
881 2276 1245 2357 inpietatem
1307 2273 1490 2337 brevi
1522 2278 1586 2334 in
1632 2296 1738 2335 co-

36 2365 141 2446 pia
196 2384 383 2445 supra
436 2366 784 2421 flattonem
830 2384 1036 2422 mures
1089 2365 1346 2423 immisit
1378 2410 1394 2438 ‚
1439 2366 1550 2446 qui
1591 2385 1741 2424 eum.

39 2454 227 2511 etiam
289 2453 354 2508 in
402 2451 609 2511 medio
666 2449 870 2510 Rheni
925 2448 1136 2524 fluvii,
1193 2451 1305 2510 ubi
1371 2454 1602 2511 turrim
1662 2450 1743 2510 ad

41 2560 106 2600 se
168 2537 533 2599 salvandum
589 2551 913 2623 posuerat,
952 2539 1175 2599 vivum
1212 2538 1614 2600 devorarunt.
1659 2537 1741 2617 b)

1481 2630 1644 2689 Tan-

113 2799 186 2873 a)
223 2800 436 2856 Vittek.
476 2801 540 2857 L.
589 2798 638 2851 3·
672 2800 804 2851 Otto
843 2799 1076 2868 Frising.
1117 2800 1179 2850 L.
1218 2798 1266 2851 6.
1300 2818 1352 2856 c.
1384 2797 1470 2851 24.
1508 2799 1729 2852 Contin.

185 2871 378 2939 Regin.
418 2880 470 2922 et
524 2874 662 2922 Anu.
703 2871 868 2927 Saxo.
910 2869 978 2920 ad
1022 2888 1108 2921 an.
1148 2867 1266 2920 967.
1302 2870 1495 2937 Sigon,
1543 2881 1596 2922 et
1631 2871 1742 2920 Zo-

189 2960 309 2997 nar.
385 2939 452 3012 b)
493 2941 833 2996 TrihemiUS.
873 2949 923 2991 et
958 2939 1167 2993 Frider.
1191 2939 1534 2993 Vendelinus.
1565 2961 1609 2995 c.
1634 2939 1742 2998 21,

195 3012 262 3062 de
310 3010 643 3063 admirandis
696 3011 836 3068 Niti.
877 3010 972 3066 sed
1011 3009 1293 3064 Sci-rarius
1347 3020 1523 3081 negat.
1579 3012 1643 3069 L.
1689 3021 1739 3077 4.

191 3082 437 3153 Mogunl.
476 3081 573 3135 sol.
611 3079 730 3135 692.
