2097 3726
407 147 530 204 502
856 147 1157 206 IIistoria
1205 150 1468 224 Imperii

302 320 431 388 nim
487 319 989 402 Passaviensem‚
1053 326 1457 407 quietemque
1517 321 1888 385 Germaniae
1939 327 2008 406 a)

305 405 739 483 confirmavit3
787 432 984 492 quare
1018 426 1146 473 tota
1185 413 1520 474 Germania
1558 416 1816 494 gratiam
1847 435 2008 473 sem—-

298 497 611 579 piternam
668 501 1069 558 Ferclc'nando
1115 501 1337 574 debet,
1399 522 1586 582 quem
1638 505 1820 560 Deus
1866 525 2005 561 mu-

301 607 445 642 rum
494 588 734 667 patriae
793 609 908 672 per
967 588 1304 672 Hungaros
1365 603 1584 648 contra
1641 592 2007 650 immanissi-

300 693 472 731 mum
513 671 783 734 hostium
847 678 1227 760 irruptiones
1287 700 1415 738 esse
1454 678 1669 737 voluit.
1737 680 1858 750 Qui
1894 681 2006 737 Ju-

298 762 464 819 stitia
491 806 506 834 ,
547 763 926 840 Prudentia,
973 765 1348 839 Clementia,
1397 767 1802 827 Humanitate
1840 768 2004 827 Con-

294 851 549 926 stantia,
607 851 1043 928 Liberalitate,
1097 877 1167 915 ac
1216 855 1540 915 literarum
1590 868 1651 916 et
1691 857 2005 916 Literato-

294 960 438 996 rum
471 962 684 1001 amore
745 941 1086 1019 excellen33
1153 965 1350 1026 quum
1390 944 1472 1003 ob
1512 959 1822 1005 senectam
1852 967 2004 1004 cor-

298 1029 468 1109 poris
515 1028 763 1089 viribus
806 1030 1273 1113 langvesceret‚
1335 1031 1498 1115 apud
1534 1033 1849 1094 Electores
1889 1033 2005 1093 ob-

293 1117 516 1191 tinuit,
555 1132 625 1176 ut
657 1116 820 1179 filius
854 1121 1343 1179 Maximillam&
1390 1122 1528 1180 Rex
1565 1122 2001 1182 Romanorum

289 1208 767 1267 renunciaretur
831 1203 1014 1269 1562.
1086 1211 1296 1281 Quare
1370 1212 1558 1268 etiam
1630 1225 2001 1271 testamento

290 1293 587 1368 instituit,
627 1318 924 1378 quasnam
964 1297 1236 1379 quilibet
1276 1296 1437 1357 filius
1474 1301 1826 1381 provincias
1859 1321 2004 1382 pos-

288 1380 553 1458 sideret,
617 1399 678 1445 et
714 1385 1034 1467 quomodo
1076 1389 1557 1445 Maximillam&
1610 1389 1672 1447 in
1727 1390 2001 1470 Imperio

286 1472 619 1534 succedere
676 1472 916 1534 debeat.
983 1475 1262 1535 Tandem
1323 1475 1605 1539 Viennae
1664 1476 1890 1536 morbo
1935 1501 2000 1537 e-

289 1574 586 1622 nervatus
641 1565 742 1644 pie
781 1562 958 1623 obiit.
1006 1587 1058 1624 a.
1127 1567 1311 1626 1564.
1350 1566 1568 1624 aetatis
1608 1566 1708 1626 62.
1771 1567 1859 1625 Eo
1899 1589 2000 1626 re-

289 1664 521 1728 gnante
572 1650 955 1712 celebratum
990 1651 1110 1713 fuit
1163 1651 1515 1714 Concilium
1562 1656 1997 1713 Trideszcimmz

286 1738 351 1794 in
395 1759 575 1797 causa
629 1739 1088 1802 reformationis
1133 1743 1319 1813 cleri,
1377 1741 1631 1824 populi,
1683 1757 1746 1803 et
1792 1743 1996 1803 Disci-

287 1825 496 1906 plinae
529 1828 1014 1903 Ecclesiesticae,
1067 1846 1136 1890 ut
1172 1833 1233 1891 in
1277 1832 1558 1890 Historia
1605 1833 1992 1916 Pragmatica

287 1915 648 1997 Hungariae
701 1918 989 1978 vidimus.

462 2006 694 2066 XLVI.
742 2009 1230 2066 Maximilc'cmus
1269 2008 1343 2065 ΙΙ.
1381 2021 1556 2090 patre
1596 2011 1994 2069 Ferclinanclo

282 2091 330 2149 I.
371 2095 527 2175 Imp.
569 2109 767 2155 matre
813 2098 1004 2154 sinna
1055 2099 1369 2154 Vlccslislcei
1421 2098 1783 2178 Hungariae
1829 2101 1993 2181 regis

279 2178 406 2239 filia
445 2197 626 2243 natus
673 2187 856 2245 1527.
907 2182 1253 2264 Coniugem
1292 2182 1511 2242 habuit
1550 2187 1839 2243 Mariam
1886 2211 1991 2269 pa-

279 2271 406 2327 trui
461 2274 555 2330 sui
619 2275 829 2331 Caroli
871 2277 947 2335 V.
988 2272 1215 2345 filiam,
1277 2294 1355 2331 ex
1407 2296 1529 2355 qua
1584 2276 1849 2357 suscepit
1889 2276 1982 2336 16.

277 2355 531 2434 liberm,
560 2383 832 2443 quorum
869 2377 1010 2421 octo
1043 2365 1208 2420 intra
1246 2364 1552 2445 pueritiae
1583 2384 1780 2421 annos
1814 2386 1992 2423 mor-

270 2448 360 2504 tui
417 2464 593 2522 sunt,
653 2450 1027 2533 Superstites
1085 2472 1241 2509 vero
1317 2450 1576 2533 reliquit
1634 2473 1741 2510 sex
1805 2449 1989 2528 filios,

276 2539 369 2594 uti
418 2540 816 2615 Radolphum
858 2542 1350 2623 primogenitum
1380 2586 1394 2613 ,
1434 2542 1544 2622 qui
1584 2541 1648 2598 in
1706 2544 1989 2621 Imperio

266 2629 560 2686 successit
603 2651 619 2704 3
700 2630 1055 2686 Mccttlzicmz
1097 2675 1112 2704 7
1205 2630 1314 2709 qui
1390 2626 1572 2687 fratri
1658 2631 1991 2703 liudolpho

266 2716 589 2776 successit.
683 2719 1041 2776 Ernestzcm.
1137 2720 1676 2777 Maximilicmum.
1758 2719 1987 2776 Alher-

1739 2818 1892 2865 tum.

341 3015 396 3075 cc)
439 3012 772 3081 Chytraeus.
808 3013 1012 3069 saxon.
1052 3015 1112 3066 L.
1150 3012 1233 3065 19.
1275 3015 1502 3068 Natalis·
1540 3016 1750 3069 Comes.
1801 3019 1864 3075 L.
1901 3016 1984 3073 12.

413 3113 482 3122 -—
505 3081 588 3133 14.
630 3082 914 3136 Thuanus.
952 3085 1013 3137 L.
1049 3082 1135 3135 20.
1160 3083 1333 3142 —35.
