2097 3726
436 224 467 278 Γ)
483 242 509 276 2
523 221 552 276 8
870 207 1168 266 Ilistoria
1212 201 1467 277 Imperii

349 389 743 454 Placentiam,
792 394 852 440 et
898 370 1308 451 G-'uastallam,
1355 382 1670 434 reservato
1709 369 1850 454 jure
1883 392 2018 432 suc-

345 478 653 544 cessionis,
699 472 746 529 si
794 471 921 527 sine
971 466 1234 526 haerede
1283 464 1524 534 obiret,
1571 472 1679 517 aut
1726 460 2020 521 Sicilliam

340 565 671 626 successive
748 568 1251 637 consequeretur.
1360 551 1445 607 Ut
1505 546 1828 607 Sardiniae
1904 572 2016 608 rex

340 666 582 735 praeter
615 643 986 706 Sahaudiam
1022 644 1207 701 etiam
1255 662 1287 698 e
1320 638 1545 696 ducatu
1593 635 2018 696 Mediolanen-

334 744 380 800 si
444 740 798 797 comitatum
841 728 1168 812 Angherae
1206 727 1498 786 obtineat.
1559 724 1861 783 Borussus
1896 725 2016 784 ob·-

341 841 534 887 tentos
582 823 701 906 jam
750 823 809 880 in
846 819 1060 878 Silesia
1113 816 1364 874 ducatus
1405 809 1687 873 retineat.
1753 813 1844 872 Ut
1879 836 2016 873 om-

338 937 440 973 nes
498 915 777 992 Europae
841 910 1156 987 Principes
1211 904 1608 962 Sanctionem
1666 902 2016 983 Pragmati—

334 1026 466 1060 cam
512 1004 570 1058 in
619 1011 991 1082 perpetuum
1043 994 1378 1075 legitimam
1425 1004 1821 1072 agnonscant.
1914 995 2016 1049 In·-

334 1092 514 1150 terim
563 1087 708 1145 dum
760 1083 1098 1144 desiderata
1146 1101 1290 1164 pace
1359 1080 1677 1161 Principes
1726 1077 1853 1137 frui
1889 1100 2013 1161 po-

331 1180 616 1249 tuissent,
663 1174 842 1253 longe
881 1172 1311 1254 gravissimum
1349 1170 1582 1228 exarsit
1617 1165 1854 1228 bellum
1889 1168 2013 1226 Bo-

331 1268 630 1324 russicum
689 1260 867 1321 1756.
927 1281 1043 1342 pro
1093 1255 1522 1339 recuperanda
1582 1259 1748 1315 enim
1795 1255 2010 1316 Silesia

330 1355 623 1413 Borussus
684 1349 920 1408 violatis
981 1345 1337 1407 foederibus
1379 1390 1395 1420 ‚
1460 1348 1756 1404 Dresclae
1829 1347 2011 1404 sociis

330 1440 594 1500 declarat
624 1460 684 1498 se
709 1436 940 1497 bellum
979 1438 1041 1495 in
1075 1432 1432 1495 Bohemiam
1466 1447 1785 1493 moturum
1807 1478 1822 1504 ,
1854 1456 2009 1516 qua-

327 1552 397 1588 re
446 1528 640 1586 diviso
692 1524 989 1584 trifariam
1039 1526 1317 1585 exercitu
1346 1569 1360 1597 ,
1411 1524 1725 1581 vastitates
1767 1524 2006 1582 circum

328 1617 560 1687 ferenS‚
606 1613 681 1673 ad.
736 1617 1133 1672 Lccvorz‘sizcm
1196 1615 1348 1670 inita
1406 1633 1615 1695 pugna
1673 1612 2007 1671 victoriam

329 1705 578 1764 dubiam
616 1705 992 1784 reportavit3
1040 1700 1182 1760 hinc
1229 1701 1476 1760 Boi-ossi
1519 1699 1594 1758 ad
1644 1701 1908 1782 Pragam
1944 1715 2005 1760 et

330 1793 718 1852 Olomucium
771 1790 1089 1873 multiplici
1147 1788 1318 1849 clade
1369 1788 1636 1848 ducibus
1702 1791 2004 1862 Datame,

329 1884 653 1940 Laudom'o
717 1893 776 1938 et
812 1882 1036 1937 chmio
1081 1878 1295 1953 fracti,
1342 1892 1542 1937 castra
1574 1876 1651 1937 ad
1686 1880 2005 1935 Hoclzkir-

328 1972 505 2027 cham
550 1983 918 2051 posuerunt,
983 1991 1137 2050 quae
1196 1971 1500 2026 Daunias
1550 1969 1788 2048 ingenti
1827 1965 2000 2026 clade

324 2055 481 2116 fudit
515 2071 574 2116 et
613 2057 673 2114 in
714 2055 1037 2115 Saxoniam
1073 2056 1331 2140 repellit.
1427 2054 1729 2114 Similiter
1766 2078 1800 2113 a
1836 2051 2001 2114 Rus'-
2041 2107 2044 2110 .

325 2146 403 2204 sis
446 2143 767 2206 foederatis
805 2144 879 2202 ad
927 2149 1189 2203 Ocleram
1234 2147 1391 2204 caesi
1418 2192 1433 2210 ,
1476 2158 1540 2204 et
1576 2143 1758 2204 brevi
1797 2145 2002 2203 virtu-

323 2248 386 2291 te
429 2235 674 2291 Daunii
717 2231 791 2291 ad
845 2236 1162 2291 Dresclccm
1206 2234 1653 2305 circumventi,
1725 2235 1820 2292 12.
1882 2234 2001 2290 mi-

324 2321 406 2378 lia
444 2322 506 2378 in
562 2321 972 2404 captivitatem
1026 2322 1287 2382 abducta
1338 2336 1496 2382 sunt.
1589 2320 1830 2394 Quibus
1894 2342 1997 2381 ce-

324 2409 665 2468 leberrimis
721 2411 995 2470 victoriis
1060 2413 1310 2471 Borussi
1365 2412 1676 2493 repressi3
1744 2408 1996 2470 tandem

322 2495 549 2556 bellum
612 2497 956 2580 septennale
998 2522 1216 2581 magna
1268 2514 1473 2581 strage
1529 2513 1935 2559 sustentatum
1976 2546 2006 2572 „

324 2586 469 2642 inita
517 2607 662 2667 pace
709 2586 1169 2671 Hubersthurgi
1216 2612 1311 2647 an.
1365 2591 1549 2651 1765.
1596 2586 1709 2647 ubi
1747 2589 1996 2649 initium

325 2674 531 2731 sumsit
569 2676 974 2754 compositum
1023 2692 1127 2737 est.
1195 2677 1252 2736 A
1298 2676 1477 2738 bellis
1522 2680 1902 2735 franciscas
1940 2679 1993 2743 I,

322 2762 621 2841 respirans
654 2809 668 2835 ,
736 2759 929 2822 filium
1007 2787 1187 2824 suum
1249 2767 1582 2843 Joseplzam
1646 2787 1741 2825 an.
1809 2766 1994 2827 1764.

325 2845 664 2907 Electorum
700 2849 1001 2932 suffragiis
1037 2854 1465 2914 Romanorum
1508 2877 1724 2937 regem
1760 2854 1998 2936 eligen-

326 2930 466 2992 dum
512 2940 776 3015 curavit,
825 2941 950 3022 ipse
995 2963 1147 3004 vero
1199 2945 1419 3005 Caesar
1460 2944 1746 3006 maximis
1788 2945 1992 3002 virtu-

1733 3031 1869 3091 tihu
