2097 3726
1663 181 1694 192 .-

519 189 582 244 R
628 207 661 242 o
708 205 767 239 m
816 204 856 237 α
902 201 943 237 n
990 203 1023 237 o
1070 203 1105 237 r
1152 201 1191 236 ιι
1238 204 1311 247 ιη,
1576 181 1694 238 143

90 389 229 425 cuin
276 386 428 424 vero
475 362 714 430 Asiam,
765 369 826 416 et
875 357 1181 416 orientem
1215 355 1496 416 Galerius
1547 355 1792 415 obtine-

87 470 225 515 ret:
292 451 394 512 sed
434 471 628 530 quum
674 449 1071 503 Constantius
1116 445 1296 505 brevi
1337 446 1605 526 coflcgae
1663 446 1794 502 Ita-

89 544 237 601 liam
281 557 341 600 et
384 537 660 598 Africam
694 535 1087 609 remitteret,
1137 535 1273 593 ideo
1321 538 1614 592 Galerius
1648 555 1794 592 mox

89 631 301 691 ltaliae
339 633 667 697 Severmn7
710 624 957 683 Orienti
978 645 1130 682 vero
1169 627 1584 680 sllaxc'mc'lzmn
1621 645 1799 705 prac-

89 722 330 803 posuit,
403 714 488 791 α)
557 714 978 792 Caesaresque
1035 713 1398 771 nominavit.
1503 714 1797 770 Ceterum

97 811 499 866 Constantius
551 803 852 872 Chlorus,
899 799 1018 856 suit
1058 804 1349 883 princeps
1387 799 1670 881 publicae
1705 822 1798 858 sa—

87 896 227 953 lutis
274 892 347 970 b)
395 889 706 950 studiosus
739 935 753 962 ,
816 900 876 948 et
927 886 1423 948 Christianorum
1478 905 1797 970 patronus,

90 983 474 1043 Pannoniam
531 980 921 1060 superiorem
970 992 1148 1037 antea
1206 978 1286 1037 ob
1350 976 1798 1036 exundationes

92 1072 475 1141 fluviorum,
543 1081 871 1147 vastasque
921 1066 1153 1141 Silvas,
1217 1067 1424 1125 locum
1478 1065 1606 1124 sei-e
1665 1066 1800 1121 ina-

89 1159 475 1232 cessibilem,
558 1156 1008 1235 amplissimum
1055 1171 1115 1215 et
1164 1154 1608 1215 fertilissimum
1671 1156 1802 1211 Ro-

87 1269 421 1308 manorum
465 1267 686 1327 agrum
731 1244 971 1316 effecit,
1047 1245 1341 1304 derivatis
1399 1246 1460 1301 in
1522 1242 1800 1300 Danubi-

89 1359 230 1411 um,
277 1336 519 1395 Rabam
546 1379 561 1405 ,
626 1348 686 1392 et
727 1332 1036 1390 Rabczam
1078 1333 1311 1391 fluviis:
1364 1353 1549 1413 quam
1593 1332 1799 1411 regio—

87 1447 268 1499 nem,
316 1447 419 1484 sua
451 1423 744 1505 deinceps
787 1423 1159 1481 amoenitate
1196 1424 1453 1480 omnino
1491 1418 1810 1477 habitabi—-

87 1514 209 1574 lem
236 1559 250 1587 ‚
333 1514 395 1570 in
457 1533 800 1595 perennem
871 1512 1026 1567 tanti
1092 1511 1322 1568 laboris
1392 1510 1803 1580 memoriam,

89 1602 169 1662 ab
196 1604 407 1660 uxoris
445 1624 588 1660 suae
630 1602 933 1656 Valeriae
976 1601 1267 1669 nomine,
1324 1599 1651 1655 Valeriam
1685 1617 1800 1653 no·-

87 1692 315 1749 minari
354 1688 540 1770 jussit.
605 1689 822 1768 (Quae
862 1688 1051 1745 etiam
1094 1684 1277 1744 hodie
1306 1731 1321 1759 ,
1370 1685 1801 1743 amoenissima

90 1800 232 1862 pars
272 1778 607 1837 modernae
645 1776 1001 1857 Hungariae
1041 1776 1189 1855 est.)
1238 1775 1411 1833 Inter
1452 1788 1644 1833 tantas
1676 1774 1795 1832 rei-

90 1867 372 1949 publicae
409 1864 745 1924 firmandae
784 1886 961 1923 curas
1018 1867 1421 1923 Constantius
1457 1863 1535 1921 ab
1569 1863 1798 1922 eximia

92 1956 477 2037 benignitate
518 1957 757 2013 cunctis
800 1965 1123 2035 acceptus,
1172 1955 1236 2010 in
1271 1955 1542 2010 maxima
1583 1950 1799 2013 mode-

91 2047 347 2102 rationis
373 2042 529 2101 fama
565 2065 726 2101 anno
766 2044 1010 2125 imperii
1046 2044 1140 2101 15.
1179 2043 1240 2100 in
1280 2044 1599 2101 Britannia
1637 2039 1803 2098 Ebo-

92 2135 216 2191 raci
275 2132 572 2207 decessit,
638 2132 710 2209 e)
762 2154 957 2214 quum
1005 2130 1203 2190 filium
1247 2152 1433 2189 suum
1488 2133 1798 2198 Constan—

92 2225 291 2278 tinam
331 2243 743 2280 successorem
787 2223 1138 2303 Augustum
1181 2222 1576 2279 nominasset.
1636 2220 1807 2278 Inte-

94 2331 196 2368 rea
250 2311 486 2368 Romae
530 2308 761 2368 Milites
810 2313 1210 2367 Maxentium
1263 2310 1587 2369 Caesarem
1639 2307 1804 2367 salu-

96 2410 264 2467 tant,
313 2399 421 2476 qui
468 2399 804 2478 imperium
839 2397 1135 2457 invadens
1173 2395 1258 2474 cl)
1307 2420 1455 2456 mox
1504 2401 1802 2456 Severum

99 2482 353 2556 occidit3
420 2487 480 2541 in
535 2482 707 2562 cujus
755 2484 960 2543 locum
1023 2489 1316 2544 Galerius
1365 2510 1414 2544 a.
1476 2485 1582 2544 Ch.
1656 2489 1800 2546 510.

97 2575 415 2630 Liciniam
459 2571 576 2631 sibi
612 2571 925 2654 Collegam
973 2575 1329 2652 constituit3
1396 2597 1592 2657 quum
1644 2577 1802 2633 inte-

1609 2685 1714 2722 rea

167 2838 242 2900 a)
283 2835 511 2903 Eutrop.
551 2833 614 2889 L.
663 2831 744 2886 10.
787 2851 832 2886 c.
868 2831 918 2886 1.
958 2832 1163 2889 Zosim,
1217 2835 1281 2883 L.
1316 2834 1368 2886 2.
1426 2852 1470 2890 c.
1511 2830 1564 2886 8.
1600 2832 1795 2883 Euseb.

239 2906 377 2956 Hist.
417 2904 561 2959 Eccl.
605 2907 660 2956 L.
704 2904 749 2952 ὅ.
792 2923 832 2952 e.
875 2901 956 2954 13.
999 2902 1069 2976 b)
1110 2904 1273 2955 idem.
1314 2903 1446 2955 ibid.
1495 2907 1562 2966 c)
1604 2903 1799 2955 Euseb.

243 2978 300 3026 in
337 2976 448 3028 vita
481 2973 837 3026 Constantini.
893 2975 951 3025 L.
987 2972 1034 3030 1.
1072 2973 1153 3028 15.
1205 2976 1436 3046 Eutrop.
1475 2974 1540 3028 L.
1583 2971 1667 3030 10.
1721 2974 1793 3037 d)

244 3045 407 3098 idem.
447 3045 583 3101 ibid.
621 3044 829 3100 Zosim.
869 3045 926 3097 L.
967 3043 1021 3102 2.
