2097 3726
537 189 1331 244 Romanorum.
1626 182 1702 241 41

98 374 267 422 erat:
328 360 433 423 sed
470 360 798 445 paulopost
840 360 1070 417 iterum
1123 369 1448 437 apertum,
1497 360 1800 440 quoniam

98 452 396 532 Ligures,
447 451 688 531 Illyrii,
739 446 1067 522 Insubres,
1116 458 1178 504 et
1214 444 1368 502 Galli
1420 445 1626 506 denuo
1670 447 1804 506 bel-

93 539 228 598 lum
268 543 639 612 movissent,
704 539 813 620 qui
864 551 1065 594 tamen
1110 555 1323 593 omnes
1368 533 1634 596 feliciter
1694 535 1806 595 de·-

96 629 309 688 bellati
357 643 421 689 et
454 629 691 687 subacti
736 640 894 685 sunt.
958 625 1037 704 a)
1087 623 1222 693 Qua
1263 628 1581 684 occasione
1618 628 1807 682 Μαι·-

95 720 286 776 cellus
328 716 560 776 Consul
623 719 693 773 V
686 719 1047 774 irodomaro
1101 711 1438 771 Insubrum
1481 735 1629 794 rege
1672 715 1804 773 oci-

89 826 198 879 SO,
284 808 504 865 tertius
558 804 639 862 ab
703 807 968 862 Romulo
1032 801 1175 859 Jovi
1246 800 1529 861 Feretrio
1588 804 1797 885 opima

85 893 281 976 spolia
324 893 483 952 tulit.
534 896 741 951 IIiero
779 906 986 951 autem
1012 910 1131 949 rex
1173 888 1421 950 Siciliae
1463 893 1796 950 maximam

86 985 218 1040 vim
277 980 579 1048 frumenti
635 982 935 1042 Romanis
990 978 1532 1054 subministravit,
1621 978 1796 1062 cujus

84 1073 362 1153 pretium
410 1069 698 1131 confecto
736 1071 946 1145 bello,
992 1091 1132 1128 cum
1173 1066 1427 1129 faenore
1460 1071 1714 1152 recepit.

264 1162 520 1218 Bellum
577 1162 885 1220 Punicam
939 1162 1028 1218 II.
1078 1180 1128 1215 a.
1185 1157 1262 1214 U.
1314 1159 1454 1217 554.
1506 1159 1570 1215 in
1629 1159 1800 1217 omni

88 1247 368 1308 Historia
411 1263 635 1329 ‘vetere
668 1250 1134 1329 gravissimum,
1196 1245 1463 1306 cladium
1511 1249 1808 1306 atrocita-

88 1349 149 1395 te
186 1340 404 1420 priore
456 1338 838 1410 terribilius,
913 1360 1028 1420 per
1085 1356 1278 1395 annos
1326 1340 1418 1395 18.
1472 1336 1533 1392 in
1585 1335 1803 1408 Italia,

83 1424 420 1508 Hispania,
483 1449 554 1485 ac
597 1427 809 1485 Sicilia
868 1441 1152 1508 gestum,
1220 1439 1426 1483 tamen
1470 1426 1532 1480 in
1581 1422 1799 1481 Africa

82 1513 442 1574 confectum
482 1530 588 1579 est.
679 1518 890 1574 Causa
929 1525 1172 1572 remota
1218 1511 1366 1571 belli
1407 1510 1530 1570 fuit
1569 1513 1803 1570 utrius—

83 1624 208 1684 que
255 1607 457 1685 gentis
504 1603 837 1664 aemulatio
867 1647 882 1676 ,
932 1603 1243 1685 imprimis
1281 1615 1488 1660 autem
1525 1600 1804 1658 stimula-

82 1689 190 1749 bat
240 1691 826 1775 Carthaginensium
872 1695 1111 1750 animos
1162 1691 1377 1749 amissa
1423 1688 1669 1764 Sicilia,
1737 1703 1802 1750 et

81 1777 307 1862 injuste
356 1781 601 1841 ademta
645 1780 968 1855 Sardinia,
1020 1783 1171 1839 item
1198 1780 1562 1863 impositum
1605 1780 1803 1838 vecti-

78 1869 216 1950 ga13
263 1894 426 1954 quae
464 1873 673 1931 omnia
711 1872 1009 1929 Amilcar
1049 1865 1637 1951 Carthaginensium
1674 1869 1800 1927 Im-

79 1974 338 2043 perator
385 1981 673 2021 moerens
727 1973 1090 2043 acceperat,
1149 1960 1261 2040 qui
1320 1958 1678 2040 compositis
1731 1958 1796 2016 in

79 2046 297 2107 Africa
331 2049 559 2121 rebus,
604 2049 683 2110 de
726 2048 892 2110 bello
936 2050 1237 2108 Romanis
1279 2045 1609 2107 inferendo
1646 2068 1798 2106 con-

81 2138 259 2197 tinuo
312 2139 660 2220 cogitabat3
724 2140 983 2198 interim
1038 2151 1251 2196 autem
1306 2139 1371 2194 in
1427 2136 1795 2219 Hispaniam

78 2227 329 2301 miSSUS,
394 2249 608 2287 secum
653 2242 716 2289 et
759 2226 958 2286 filium
992 2227 1373 2285 Annibalem
1418 2247 1646 2285 novem
1687 2247 1798 2283 an-

85 2335 197 2372 nos
256 2329 468 2376 natum
521 2331 883 2401 acceperat,
945 2337 1137 2398 quem
1189 2314 1265 2373 ad
1319 2337 1490 2375 aram
1540 2311 1797 2374 ductum

81 2399 296 2484 jurare
336 2401 540 2484 jussit,
610 2404 782 2488 quod
836 2426 1160 2487 nunquam
1211 2426 1356 2464 cum
1394 2404 1692 2462 Romanis
1731 2426 1795 2461 a-

79 2493 382 2550 micitiam
428 2493 635 2554 colere
682 2492 851 2553 velit.
933 2495 1079 2552 Post
1118 2490 1274 2554 haec
1317 2495 1611 2552 Amilcar
1665 2515 1795 2551 ma-

81 2601 230 2660 gnas
270 2603 367 2641 res
406 2583 469 2639 in
499 2583 799 2666 Hispania
824 2603 1045 2661 gerens
1079 2585 1354 2642 moritur
1375 2627 1390 2656 ,
1426 2582 1526 2639 cui
1550 2583 1794 2639 Asdru-

76 2670 186 2728 bal
224 2668 355 2752 ejus
394 2693 587 2753 gener
633 2669 966 2731 succedens
992 2716 1006 2745 ,
1056 2693 1187 2730 rem
1235 2672 1594 2730 Poenorum
1628 2670 1792 2728 mul-

80 2771 212 2817 tum
253 2762 462 2836 auxit,
512 2759 617 2820 sed
655 2759 840 2843 paulo
876 2774 1017 2842 post
1052 2781 1086 2816 a
1128 2758 1313 2818 Gallo
1351 2757 1624 2841 quodam
1657 2779 1795 2818 cae-

77 2867 178 2905 sus
230 2870 648 2909 successorem
709 2846 930 2907 habuit
980 2848 1396 2924 Annibalem,
1456 2848 1564 2929 qui
1611 2870 1662 2906 a.
1715 2848 1790 2906 U.

1561 2937 1704 2996 555.

152 3106 227 3179 a)
266 3108 479 3163 Florus,
519 3110 582 3162 L.
621 3108 672 3166 2.
705 3129 749 3163 c,
777 3109 823 3161 sl.
