2097 3726
526 180 586 234 R
635 199 666 233 0
713 196 773 231 m
820 198 860 231 a
905 194 945 231 n
990 195 1023 230 o
1072 197 1106 230 r
1153 197 1192 230 ιι
1244 197 1317 233 m.
1567 178 1683 253 175

84 353 504 424 vocabuntur,
572 376 604 409 a
678 348 1181 434 praedationibus
1225 348 1505 424 inhibiti,
1587 353 1778 410 instar

84 441 543 501 foederatorum
591 442 649 497 in
691 437 951 495 Thracia
988 437 1270 495 collocati
1304 453 1460 496 sunt.
1509 437 1592 515 α)
1646 443 1780 496 Va-

85 534 495 586 letztim'anwn
536 529 611 585 ll.
658 529 955 584 Gratiam·
990 524 1294 585 fratrema
1338 529 1621 584 stlcexl'mo
1655 531 1780 608 Ty-

85 640 282 676 ranno
321 616 617 698 ejectum,
688 637 810 671 non
862 613 1047 673 modo
1098 612 1437 674 honorifice
1493 619 1775 697 excepit,

86 706 188 763 sed
254 708 502 786 insuper
564 705 621 760 in
687 701 1022 761 occidentis
1091 704 1421 784 imperium
1489 706 1777 762 restituit.

87 795 552 850 „schamat-icum
591 788 941 849 Gothorum
988 813 1232 871 regem,
1271 814 1319 848 a.
1371 794 1509 851 581.
1558 815 1774 874 magna

86 881 400 963 sepultura
452 878 529 956 b)
577 876 923 938 honoravit.
989 878 1224 939 Gothos
1273 879 1387 938 sub
1431 878 1640 939 foedus
1681 902 1781 940 re·-

87 968 281 1050 degit:
375 970 573 1026 Persis
639 966 992 1050 petentibus
1049 990 1255 1048 pacem
1312 970 1623 1028 concessit.
1708 967 1780 1045 c)

85 1059 556 1133 Anclragcctium
595 1078 744 1138 prae
783 1055 1213 1138 desperatione
1261 1059 1670 1139 praecipitem
1720 1057 1783 1114 in

86 1144 277 1202 undas
310 1147 449 1224 egit.
499 1144 696 1202 Multa
740 1145 854 1202 alia
901 1148 1172 1203 instituta
1211 1146 1269 1202 in
1314 1159 1474 1203 statu
1518 1160 1641 1204 tam
1672 1145 1786 1203 Ec-

86 1231 446 1291 clessiastico
486 1256 668 1314 quam
724 1233 984 1292 Politico
1041 1236 1101 1290 in
1152 1233 1324 1291 Italia
1375 1232 1783 1306 reformavit,

85 1319 168 1395 cl)
214 1323 532 1401 signanter
590 1320 751 1402 leges
813 1321 1106 1380 adversus
1167 1321 1487 1380 luxuriam
1547 1322 1787 1392 sanxit,

88 1422 149 1467 et
201 1407 280 1466 ab
323 1409 462 1466 aula
513 1431 617 1467 sua
663 1412 1096 1470 executionem
1139 1408 1468 1468 inchoavit.
1538 1410 1778 1468 Romae

86 1518 347 1578 poenam
401 1497 755 1579 flagitiosam
816 1496 1103 1556 adulterii
1159 1500 1485 1571 usitatam,
1555 1498 1788 1556 eversis

87 1585 491 1667 lupanaribus
535 1586 875 1666 abrogavit.
943 1585 1062 1645 Sed
1099 1599 1288 1667 prout
1325 1584 1472 1643 haec
1511 1587 1612 1667 pie
1640 1630 1656 1658 ,
1704 1587 1787 1643 ita

87 1672 433 1734 crudeliter
493 1677 966 1732 Thessalonicae
1016 1687 1248 1755 septem
1294 1671 1485 1730 millia
1527 1694 1560 1732 e
1607 1672 1790 1754 plebe

88 1761 438 1833 interfecit,
501 1762 583 1822 ob
622 1764 889 1822 occisum
941 1760 1286 1845 praesidem
1338 1763 1690 1820 Botericlza
1729 1773 1793 1820 et

86 1850 234 1908 alios
273 1851 705 1931 MagistratuS,
766 1850 844 1929 e)
892 1873 1089 1933 quare
1122 1875 1154 1909 a
1191 1851 1249 1909 S.
1287 1852 1615 1908 Ambrosio
1656 1850 1794 1910 Me-

89 1938 430 1997 diolanensi
463 1941 771 2023 Episcopo
797 1941 1404 2014 excommunicatus,
1444 1953 1585 1999 octo
1617 1961 1791 1998 men-

90 2030 245 2086 sium
287 2050 611 2088 censuram
666 2029 973 2110 patienter
1012 2027 1251 2099 ferenS,
1297 2050 1424 2087 'non
1463 2030 1635 2110 prius
1668 2024 1788 2086 ab—

91 2115 324 2175 solutus
356 2130 417 2176 et
459 2120 523 2175 in
563 2139 796 2177 sacram
840 2115 1055 2177 aedem
1101 2116 1399 2176 admissus
1445 2130 1572 2191 est,
1604 2138 1793 2198 quam

93 2203 226 2284 lege
284 2208 618 2281 sanxisset,
691 2204 971 2287 ejusdem
1024 2206 1310 2288 Episcopi
1363 2205 1655 2282 consilio,
1719 2227 1794 2262 ne

95 2295 375 2366 deinceps
431 2296 740 2370 Capitale-s
794 2298 1138 2352 sententiae
1186 2305 1334 2351 ante
1385 2296 1608 2352 XXX.
1663 2297 1794 2353 dies

97 2392 280 2437 ratae
324 2381 735 2454 haberentur,
785 2395 853 2440 ut
902 2385 986 2441 ita
1035 2380 1334 2441 iracundo
1380 2384 1657 2465 Principi
1704 2380 1797 2440 fa·-

97 2468 287 2526 cultas
335 2480 489 2528 esset
527 2492 624 2529 eas
673 2469 1024 2531 revocandi.
1093 2472 1264 2543 Quae
1301 2470 1404 2531 lex
1459 2470 1604 2530 dein
1661 2472 1794 2530 An-

1438 2556 1700 2619 tiochiae

168 2732 240 2793 a)
283 2728 526 2780 Orosius.
575 2731 638 2785 L.
681 2730 728 2786 7.
771 2749 813 2780 c,
852 2728 938 2780 34.
980 2730 1131 2783 Paul.
1169 2730 1460 2785 DiaconUS.
1510 2730 1569 2781 in
1598 2729 1791 2782 Conti-

242 2808 390 2850 nuat.
434 2799 703 2870 Eutropii.
749 2800 810 2853 L.
847 2798 934 2855 11.
989 2801 1194 2852 Zosim.
1246 2801 1308 2852 L.
1348 2798 1400 2853 4.
1460 2796 1530 2870 b)
1583 2800 1792 2857 Zosim.

238 2870 301 2921 L.
355 2868 403 2922 4.
460 2870 610 2926 Paul,
666 2871 892 2925 Diacon.
951 2872 1012 2923 L.
1058 2869 1142 2923 11.
1197 2867 1267 2940 c)
1320 2868 1579 2926 Jornand,
1629 2867 1792 2926 c.:>8.

239 2939 484 2992 Orosius·
524 2941 588 2995 L.
625 2940 673 2996 7.
713 2960 756 2994 e.
795 2940 877 2994 20.
917 2959 1033 3013 seq.
1072 2938 1149 3008 d)
1187 2939 1392 2991 Socrat.
1428 2939 1491 2992 L.
1531 2939 1575 2990 5.
1620 2959 1665 2991 c.
1707 2939 1788 2993 14.

241 3018 291 3060 et
323 3008 408 3133 lig.
462 3009 530 3082 e)
586 3011 799 3065 Sozom.
847 3012 905 3066 L.
950 3011 994 3065 7.
1039 3033 1083 3065 e.
1124 3008 1211 3066 24.
1258 3009 1590 3063 Theodoret.
1639 3011 1704 3067 L.
1742 3010 1792 3064 5.

239 3097 286 3135 c.
393 3120 403 3130 .
