2097 3726
419 260 488 317 14
856 253 1463 313 Ili-storia

327 454 453 515 que
492 426 881 488 libertatibus
923 430 1048 489 suis
1086 430 1492 492 exuebantur.
1543 427 1727 490 Unde
1767 432 2006 490 Lucre-

321 526 414 578 tici
478 517 782 576 libertatis
843 517 1248 579 vindicandae
1311 540 1553 578 causam
1615 516 1783 577 haud
1830 541 2009 602 prae-

319 609 492 680 buit,
539 604 644 665 sed
684 603 829 664 facti
863 627 1035 681 ansa,
1081 621 1143 667 et
1178 609 1477 667 memoria
1525 607 1822 691 temporis
1858 628 2009 666 con-

317 695 671 755 versionem
724 715 938 753 rerum
998 693 1359 756 nobilitavit
1416 693 1606 755 adeo:
1679 707 1750 754 ut
1812 695 2009 776 Regia

317 784 613 842 Romanis
663 780 787 864 jam
833 781 1073 842 dudum
1111 783 1308 842 invisa
1353 796 1618 866 potestas
1671 783 2008 865 abrogare-

319 886 422 930 tur
462 894 510 929 3.
550 871 627 929 U.
674 871 738 928 C.
793 872 936 931 244.
986 873 1403 953 quare'etiam
1445 869 1644 931 forma
1688 870 2011 954 regiminis

317 960 550 1019 mutari
594 956 829 1017 debuit.

486 1049 773 1105 Consules
818 1058 957 1130 post
1002 1045 1313 1107 abdicatos
1349 1047 1549 1128 Reges
1582 1045 1846 1108 Romani
1889 1044 2013 1106 ele-

321 1146 591 1219 gerunt3
671 1155 949 1217 quorum
1012 1138 1343 1196 auctoritas
1395 1136 1571 1194 initio
1628 1146 1799 1193 tanta
1856 1131 2013 1209 fuit,

324 1238 398 1284 ut
432 1245 657 1306 parum
700 1246 734 1281 3
770 1224 965 1304 Regia
1004 1235 1301 1306 potestate
1345 1223 1622 1301 differet3
1668 1244 1896 1283 verum
1936 1244 2016 1281 ne
2096 1232 2097 1235 ’

323 1311 695 1373 viderentur·
756 1324 1003 1371 tantum
1053 1325 1292 1371 mutato
1338 1314 1625 1386 nomine,
1713 1332 1831 1392 pio
1887 1331 2016 1369 uno

323 1402 497 1484 Rege
521 1421 582 1458 se
619 1400 910 1484 accipisse
951 1398 1101 1459 duos
1138 1399 1469 1460 Consules·
1456 1445 1472 1475 ,
1517 1399 1651 1483 lege
1695 1398 2017 1458 decletum

321 1489 475 1562 fuit,
538 1499 610 1545 ut
648 1486 941 1548 Consules
984 1501 1223 1548 tantum
1264 1489 1456 1547 annui
1491 1488 1885 1570 Magistratus
1923 1507 2018 1545 es-

322 1590 476 1637 sent.
543 1575 721 1635 Tales
773 1575 1066 1636 Consules
1123 1579 1309 1660 primi
1347 1577 1670 1636 communi
1719 1574 2016 1655 suffiagio

323 1665 503 1727 electi
543 1678 685 1722 sunt
718 1666 943 1722 ιῙιιηίιιε
991 1666 1272 1735 Baetim,
1336 1676 1397 1724 et
1444 1666 1824 1743 Tarquinius
1884 1664 2018 1719 Col-

326 1757 580 1815 latinus
629 1755 880 1811 Brutus
919 1750 1149 1812 vindex
1192 1753 1495 1812 libertatis
1530 1754 1848 1812 Romanae
1887 1750 2030 1831 pri-.

326 1863 462 1903 mus
505 1840 734 1900 Consul
776 1839 929 1900 adeo
979 1838 1097 1900 fuit
1141 1862 1437 1912 severm,
1497 1854 1570 1899 ut
1624 1842 1811 1899 etiam
1860 1836 2019 1897 filios
2065 1909 2067 1911 Ι

332 1950 514 2003 SUOS,
585 1950 657 1988 eo
714 1927 884 2010 quod
927 1927 1203 2010 Regibus
1248 1927 1457 2011 ejectis
1496 1926 1813 2000 faverent,
1881 1946 2020 1985 eos-

327 2041 454 2103 que
516 2017 819 2076 concitata
880 2014 1145 2076 factione
1214 2016 1515 2077 leducele
1585 2013 2020 2088 intenderent,

325 2109 501 2193 prius
538 2106 729 2187 virgis
769 2124 973 2164 caesos
997 2150 1013 2179 ‚
1061 2106 1260 2165 seculi
1299 2127 1413 2188 pei
1419 2105 1542 2163 cuti
1579 2100 1846 2186 juberet.
1897 2105 2019 2159 Ita-

328 2217 458 2279 que
491 2195 774 2253 lestituta
813 2193 973 2252 liber
979 2205 1097 2254 tate
1135 2194 1373 2253 Romae
1410 2191 1567 2252 alter
1607 2194 1825 2249 Status
1867 2192 2020 2246 Con-

328 2285 568 2343 sularis
610 2303 718 2342 seu
765 2282 1039 2340 Aristo-
1065 2282 1548 2340 Democraticzcs
1588 2280 1808 2362 coepit.
1856 2278 2020 2337 Con-

327 2371 565 2432 sulibus
624 2371 900 2452 primum
953 2392 1002 2428 3.
1045 2371 1122 2428 U.
1166 2372 1230 2429 C.
1283 2371 1428 2429 502
1489 2368 1853 2426 Decemviri
1907 2386 2022 2448 per

331 2460 572 2542 aliquot
595 2479 782 2517 annos
815 2459 1162 2541 interpositi
1197 2470 1406 2531 erant,
1446 2454 1699 2516 demum
1735 2477 1848 2537 pei
1879 2453 2020 2535 plu-

331 2569 430 2607 les
474 2566 662 2605 annos
711 2547 968 2605 Tribuni
1029 2501 1406 2617 Militares:
1465 2543 1665 2604 donec
1719 2565 1770 2602 a.
1833 2543 1902 2600 U.
1949 2538 2015 2598 C.

336 2637 481 2695 587.
555 2636 618 2694 in
692 2647 1071 2717 perpetuum
1153 2633 1447 2694 Consules
1518 2632 2018 2692 restituerentur.

332 2724 445 2786 Ast
497 2725 879 2799 Optimatam
921 2734 982 2782 et
1036 2724 1230 2781 Plebis
1270 2720 1488 2796 factio,
1557 2720 1743 2780 etiam
1796 2718 2019 2776 Triba-

333 2834 442 2871 nos
495 2812 693 2870 Plebis
725 2809 1056 2895 produxit3
1105 2831 1430 2893 quumque
1465 2806 1753 2868 viderent
1783 2825 2021 2864 succes-

333 2902 467 2960 sive
499 2899 764 2959 Romani
795 2920 858 2958 se
899 2900 1086 2957 valiis
1125 2895 1571 2958 calamitatibus
1601 2895 1862 2994 agitari,
1909 2914 2019 2951 ne-

334 3010 460 3070 que
499 2986 877 3071 leipublicae
911 2985 1172 3047 vulneia
1206 3007 1395 3070 posse
1420 2985 1651 3058 sanali,
1697 2983 1816 3040 nisi
1850 3002 2017 3040 sum-

337 3098 437 3136 ma
474 3098 575 3136 lei
581 3098 686 3137 um
727 3077 834 3136 uni
869 3076 1400 3152 committeretur3
1462 3071 1602 3135 ideo
1646 3071 2015 3132 Dictatore-s

1808 3157 1933 3217 Re-
