2097 3726
415 148 539 209 358
879 147 1484 208 Historia

319 320 676 384 Sententia:
743 320 827 402 a)
886 325 1258 385 Alemannia
1311 326 1623 400 omnisque
1670 323 2014 381 Germania

321 426 461 467 cam
508 411 737 468 ceteris
783 432 944 487 qaae
985 414 1282 486 adjacent
1333 412 1644 471 Gentibus,
1682 447 1768 456 --
1827 415 1901 469 V
1891 414 2022 487 opi-

320 519 460 555 scus
493 508 704 558 autem
741 500 827 558 sic
862 498 1121 566 disserit,
1168 500 1250 579 b)
1309 504 1521 559 Testes
1567 510 1712 557 sunt
1743 503 2020 574 Franci,-

321 587 510 643 inviis
557 589 755 646 strati
775 589 1153 664 paludibaS,
1201 600 1390 647 testes
1441 591 1733 647 Germani
1775 600 1837 645 et
1873 590 2026 647 Ale-

322 676 572 749 manni,
618 680 796 754 longe
836 697 878 733 a
914 678 1121 734 Rheni
1166 682 1386 736 semoti
1427 678 1798 736 Littoribus.
1859 677 2026 736 Hinc

324 760 402 822 de
449 762 786 824 Limitihus
829 767 1123 847 antiquae
1160 767 1531 827 Germaniae
1576 786 1704 824 non
1760 784 2026 824 consen-

326 851 526 927 tiunt3
593 851 753 913 Nam
814 852 1290 934 Antiquissimi:
1352 851 1611 926 Rheno,
1691 851 2025 926 Danubio3

329 940 620 1020 Oceano,
666 940 896 1015 Tanai,
944 955 1006 1001 et
1044 941 1244 1001 Ponto
1290 934 1537 1001 Euxino
1579 939 2022 1001 definiverunt.

326 1020 752 1109 Posteriores:
799 1039 831 1087 c*
856 1027 877 1106 )
902 1027 1125 1090 Rheno
1161 1042 1223 1090 et
1262 1021 1505 1089 Vistula
1526 1028 1840 1094 claudant,
1888 1028 2027 1087 Hos-

324 1112 427 1176 die
476 1113 968 1178 adnumerantur
1024 1117 1396 1178 Germaniae
1447 1139 1661 1178 omnes
1712 1119 2031 1199 regione53

332 1221 607 1283 quorum
666 1204 938 1281 incolae,
984 1205 1225 1288 lingva,
1293 1206 1394 1265 'vel
1453 1206 1715 1266 dialecto
1766 1214 2032 1263 utuntur

333 1291 736 1368 Germanica,
784 1315 851 1351 ac
914 1297 1099 1377 proin
1143 1293 1308 1353 ultra
1376 1297 1717 1353 Ptolomaei
1766 1294 2030 1367 limiteS,

333 1392 397 1440 'et
437 1380 606 1441 ultra
645 1381 1006 1441 Danubium
1036 1429 1051 1457 ,
1099 1385 1377 1442 continet
1418 1381 1702 1443 Rhetiam
1730 1428 1746 1456 ,
1799 1379 2033 1441 Vindess-

337 1468 585 1542 liciam,
647 1468 1054 1555 Superiorem
1110 1472 1527 1544 Pannoniam,
1597 1484 1839 1554 partem
1882 1468 2029 1549 Illy:-

331 1558 488 1632 rici,
534 1576 732 1640 usque
775 1558 851 1618 ad
882 1557 1246 1620 Tridentina
1281 1560 1576 1619 Claustrae
1639 1559 1819 1618 Ultra
1853 1555 2031 1617 Rhe-

331 1665 484 1702 num
536 1648 721 1706 etiam
774 1646 998 1706 multas
1048 1646 1318 1707 colonias
1385 1650 1814 1707 Romanorum
1855 1666 2035 1704 occu-

335 1747 645 1814 paverunt
682 1733 1020 1808 Germani,
1082 1756 1227 1794 nam
1283 1750 1352 1794 ut
1399 1734 1771 1794 Ambrosius
1822 1735 1901 1810 cl)
1948 1748 2037 1792 te-

330 1833 540 1879 statur.
588 1823 842 1880 Rhenus
879 1826 1025 1880 olim
1047 1824 1318 1881 Romani
1359 1826 1607 1898 imperii
1644 1828 1813 1881 limes
1845 1825 1986 1897 ficit
2006 1846 2031 1893 ,-

334 1909 396 1964 in
448 1907 622 1990 cujus
662 1911 800 1992 ripa
856 1909 1172 1970 Praesides
1215 1912 1645 1970 Romanorum
1685 1911 2032 1970 Germanos

333 1995 823 2080 oppugnabant,
891 2011 961 2056 ut
1024 2020 1239 2059 eorum
1295 1999 1674 2059 incursiones
1736 1993 2035 2081 prohibe-

334 2095 494 2143 rent.
546 2085 794 2169 ,Itaque'
862 2089 1200 2145 Germania
1252 2078 1453 2169 Regio
1509 2080 1629 2146 fuit
1683 2086 2037 2170 perampla,

339 2170 598 2247 fertilis,
659 2171 894 2233 salubri
943 2188 1006 2234 et
1061 2187 1406 2259 temperato
1466 2198 1643 2258 aere,
1701 2173 2038 2234 admodum

333 2260 679 2343 populosa3
727 2261 807 2321 ab
847 2261 1165 2325 occidente
1205 2261 1471 2341 Rhen03
1535 2288 1569 2322 a
1613 2261 1878 2324 meridie
1914 2261 2037 2321 Al-

330 2348 516 2430 pibus
540 2395 556 2425 ,
618 2349 696 2408 ab
750 2352 993 2411 oriente
1032 2353 1315 2432 gentium
1356 2353 1848 2412 Sarmaticarum
1886 2372 2035 2411 con-

333 2434 528 2511 finio,
621 2461 655 2496 a
719 2438 1184 2521 Septemtrione
1247 2460 1480 2502 oceano
1541 2441 1918 2501 Germanico
1974 2451 2037 2498 et

330 2526 492 2582 mari
541 2523 819 2587 Balthico
877 2526 1403 2606 concludebatur,
1471 2528 1788 2589 abundans
1847 2526 2033 2586 rebus

1741 2637 1947 2676 omm-

398 2786 472 2846 a)
514 2783 832 2855 Spartianus
884 2788 941 2840 in
992 2787 1114 2839 Vita
1149 2788 1320 2840 Marii.
1370 2787 1439 2853 ὁ)
1476 2787 1691 2841 Flavius
1737 2786 2030 2857 Vopiscus.

469 2854 528 2905 in
571 2857 680 2907 vita
715 2858 897 2911 Probi.
955 2858 1020 2925 c)
1060 2858 1294 2911 Strabo.
1344 2859 1715 2920 Ptolomaeus,
1753 2858 2025 2926 Pompon·

471 2924 880 3050 illeii’egissicj'
918 2928 1182 3000 latinique
1227 2929 1547 3002 scriptores·
1585 2926 1659 2999 d)
1691 2927 2032 2981 Ambrosius.
