2097 3726
380 150 501 211 296
823 148 1134 205 Historza
1181 147 1439 223 Imperii

284 339 346 386 et
394 322 669 404 nequitia
715 321 933 402 gessit,
981 325 1079 384 cui
1147 325 1399 381 Cosroes
1439 320 1626 379 Persa
1680 315 1978 379 Armeni-

279 436 413 483 am,
451 408 911 493 Cappadociam
948 455 963 485 ,
1024 410 1328 471 Galatiam
1371 455 1386 484 ,
1442 405 1916 489 Paphlagoniam
1958 453 1975 482 ,

280 502 563 580 Syriam,
613 496 1029 573 Phoeniciam,
1080 499 1513 571 Palaestinam,
1563 498 1687 554 imo
1721 509 1783 553 et
1822 496 1977 554 San-

281 602 444 647 ctam
504 588 773 646 Crucem
831 586 1007 646 velut
1059 590 1338 671 opimum
1384 586 1649 667 spolium
1717 586 1972 665 eripuit.

279 677 523 735 Avares
571 675 784 735 Asiam
831 689 892 734 et
922 677 1273 757 Europam,
1322 672 1642 735 Moliomet
1676 670 1976 747 Africam,

279 761 682 844 Longobardi
729 763 1001 840 Italiam,
1049 761 1239 822 Gothi
1299 763 1706 846 Hispaniam,
1756 760 1978 820 Franci

283 849 549 909 Galliam
598 851 969 910 infestabant
1025 851 1214 925 adeO,
1261 867 1331 910 ut
1370 853 1704 934 imperium
1757 871 1981 931 parum

276 939 356 998 ab
397 941 652 1000 interitu
697 939 968 1015 abesset,
1062 939 1261 999 donec
1320 943 1662 998 IIeraelizcs
1724 936 1979 996 Africae

283 1026 640 1088 Praefectus
678 1073 694 1103 ,
753 1050 1090 1110 procerum
1145 1042 1367 1109 rogatu
1428 1027 1662 1087 bellum
1714 1039 1980 1107 tyranno

275 1129 598 1189 moveret,
663 1114 751 1193 a)
814 1140 847 1174 a
898 1139 1028 1199 quo
1073 1138 1236 1174 anno
1280 1115 1627 1196 tyrannidis
1670 1116 1837 1174 VIII.
1885 1116 1980 1173 vi-

274 1219 446 1279 ctus,
493 1205 909 1287 omnibusque
945 1204 1243 1264 membris
1296 1218 1616 1263 truncatus
1662 1205 1978 1263 miserime

276 1307 637 1368 necaretur,
691 1307 763 1352 ut
818 1292 1016 1353 libido
1077 1290 1343 1351 hominis
1399 1294 1461 1349 in
1510 1314 1582 1351 eo
1633 1307 1977 1351 notaretur.

277 1380 470 1462 Cujus
527 1381 924 1463 symbolum:
995 1384 1346 1440 Fortunam
1410 1384 1600 1439 citius
1654 1384 1977 1457 reperias),

282 1492 475 1548 quam
520 1475 814 1530 retineas,

455 1561 839 1634 Heraclia-5,
901 1581 994 1618 an.
1065 1557 1209 1619 610.
1273 1559 1612 1643 imperium
1678 1557 1979 1641 adeptus,

279 1646 499 1729 primis
547 1649 720 1706 annis
767 1646 958 1705 multa
1012 1670 1044 1704 a
1086 1648 1286 1707 Persis
1314 1693 1329 1722 ,
1370 1647 1631 1729 aliisque
1693 1646 1978 1706 barbaris

274 1734 668 1817 patiebatur,
714 1734 963 1796 tandem
1001 1737 1235 1795 iteratis
1282 1737 1564 1794 victoriis
1603 1734 1756 1795 adeo
1806 1737 1975 1794 vires

276 1823 607 1881 Persarum
667 1825 970 1897 attrivit,
1041 1837 1112 1881 ut
1197 1825 1478 1881 Cosroem
1540 1823 1616 1881 ad
1690 1824 1981 1906 Captivos

276 1908 659 1970 Christianos
697 1956 714 1986 ,
778 1913 1025 1994 imperii
1084 1911 1400 1993 ademptas
1463 1911 1728 1972 ditiones
1762 1958 1777 1986 ,
1835 1931 1979 1970 cum

275 1997 503 2056 Sancta
557 2000 758 2059 Cruce
814 2001 879 2057 in
945 2021 1068 2080 qua
1119 1999 1409 2058 Salvator
1462 2000 1689 2061 Noster
1738 2014 1983 2058 mortu-

273 2107 346 2145 us
385 2098 556 2160 erat,
593 2109 797 2170 nuper
828 2089 891 2145 in
927 2089 1201 2147 Persiam
1236 2087 1470 2163 ablata,
1508 2087 1771 2149 reddere
1807 2107 1980 2145 com-

272 2175 581 2257 pelleret,
638 2197 825 2257 quam
889 2175 989 2235 die
1044 2178 1139 2236 14.
1213 2176 1600 2259 Septembris
1662 2198 1756 2233 an.
1829 2176 1976 2237 628.

271 2262 720 2343 Hierosolymis
779 2265 1010 2323 iterum
1071 2267 1135 2322 in
1203 2265 1522 2325 Calvariac
1593 2264 1799 2324 locum
1865 2263 1976 2321 vili

275 2364 446 2411 veste
504 2350 752 2411 indutus
795 2350 1058 2434 nudipes
1109 2351 1468 2436 deportavit
1521 2366 1583 2413 et
1628 2348 1971 2412 honorifice

274 2440 583 2522 reposuit,
619 2442 683 2498 in
722 2439 893 2522 cujus
933 2454 1251 2500 aeternam
1307 2444 1678 2500 memoriam
1719 2443 1976 2496 Festum

277 2528 709 2586 Exaltatiotzis
774 2531 835 2588 S.
907 2531 1125 2587 Crucis
1162 2573 1180 2599 ,
1245 2528 1421 2611 quod
1473 2532 1538 2588 in
1600 2526 1978 2588 hodiernum

272 2637 473 2699 usque
540 2615 704 2677 diem
745 2616 1090 2692 recolitur,
1150 2620 1435 2677 instituit.
1527 2618 1585 2675 A
1648 2618 1972 2676 Saracenis

277 2715 486 2765 tamen
539 2704 684 2768 inde
724 2706 801 2766 ab
848 2728 945 2775 an,
995 2707 1139 2769 654.
1187 2708 1378 2767 variis
1439 2705 1621 2767 bellis
1671 2708 1974 2789 agitatUS,

1800 2792 1882 2872 a)

343 2987 420 3059 a)
459 2985 691 3056 Niceph.
727 2987 787 3040 L.
826 2986 907 3040 18.
943 2987 1183 3042 41.—55.
1220 2987 1478 3039 Zanoras.
1512 2984 1581 3040 Τ.
1612 2983 1667 3039 3.
1698 2981 1975 3037 Cedrenus

436 3055 494 3108 in
534 3058 741 3109 Histor.
788 3058 1039 3114 Calistus,
1075 3060 1136 3112 L.
1175 3056 1256 3112 18.
1291 3076 1335 3111 c.
1375 3056 1460 3111 56.
