2097 3726
369 164 451 244 98
817 155 1442 248 Historia

281 329 642 396 narchicum
670 328 1007 411 imperium
1046 329 1168 415 jam
1206 329 1442 390 dudum
1484 328 1848 391 meditatum
1898 343 1988 390 ta-

283 426 405 485 cite
451 415 840 492 inducendo,
879 418 1162 479 firmaret
1187 465 1204 495 ,
1251 418 1396 479 inde
1435 417 1512 477 ab
1547 420 1728 478 initio
1769 417 1991 502 politi-

279 514 364 573 cis
401 507 619 569 mediis
669 508 761 565 uti
811 505 1044 568 voluit:
1114 508 1254 569 ideo
1301 521 1372 568 ut
1415 504 1645 567 umbra
1687 506 1992 589 quaedam

275 600 572 681 antiquae
610 595 916 656 libertatis
955 612 1326 682 appareret,
1375 594 1721 679 prudenter
1756 600 1993 676 Auga-

274 700 411 748 stas
448 696 828 746 contestatus
869 699 994 761 est,
1054 709 1116 746 se
1151 686 1560 768 Reipublicae
1602 706 1818 744 curam
1858 708 1987 746 non

273 777 392 838 nisi
447 777 514 833 in
568 772 783 833 decem
821 794 1015 835 annos
1061 777 1412 858 suscipere,
1476 787 1538 833 et
1578 794 1691 834 nec
1725 774 1991 835 Senatus

275 865 747 936 auctoritatem,
827 883 944 922 nec
986 860 1127 945 jura
1187 862 1407 947 populi
1462 861 1563 923 vel
1624 865 1688 921 in
1733 864 1995 923 minimo

277 953 629 1016 diminuere
683 949 886 1028 velle3
943 973 1145 1033 quare
1193 955 1380 1010 etiam
1431 951 1758 1034 Antiquae
1803 949 1998 1011 liber-

272 1045 415 1102 tatis
470 1042 648 1101 varia
689 1040 1070 1113 nominima,
1132 1041 1223 1098 uti
1275 1043 1611 1113 Senatum,
1688 1043 1995 1100 Consula-

274 1143 446 1206 tum,
505 1130 859 1189 Censor-iam
901 1140 962 1187 et
1008 1128 1425 1187 Tribanitiam
1471 1141 1838 1212 potestatem
1882 1128 1994 1188 ad·-

268 1222 473 1280 misit:
522 1218 606 1299 a)
654 1219 719 1276 in
762 1215 1007 1298 legibus
1046 1215 1321 1276 ferendis
1363 1216 1582 1301 populi
1621 1217 1987 1301 suffragium

271 1309 570 1392 expetiit3
633 1302 805 1388 quod
846 1319 1057 1388 postea
1097 1308 1269 1363 Nero
1306 1307 1389 1363 ita
1435 1307 1738 1380 mutavit,
1788 1306 1872 1385 b)
1916 1319 1994 1365 ut

271 1398 437 1479 leges
492 1395 625 1456 solo
685 1393 948 1452 Senatus
1009 1415 1318 1454 consensu
1372 1389 1819 1472 firmarentur,
1886 1395 1998 1456 de-

276 1508 453 1544 mum
495 1484 765 1543 Comitia
820 1482 1399 1564 congregabantur,
1462 1483 1526 1540 in
1569 1481 1802 1565 quibus
1850 1505 2002 1544 con-

278 1587 379 1633 tra
413 1571 813 1632 voluntatem
854 1571 1140 1649 Augus-ti
1185 1570 1265 1649 c)
1313 1568 1469 1630 nihil
1507 1571 1850 1633 decernere
1883 1594 2001 1656 po-

278 1674 522 1722 terant:
583 1673 826 1719 ceterae
860 1657 1024 1741 leges
1069 1683 1102 1718 a
1136 1659 1604 1740 Magistratibus
1643 1659 1842 1736 latae,
1889 1684 2002 1745 ap·-

277 1749 656 1834 probatione
681 1747 1088 1830 Imperatoris
1128 1771 1305 1808 suum
1331 1749 1533 1827 robur
1572 1751 1996 1809 retinuerunt.

276 1840 450 1898 Haec
502 1835 807 1895 libertatis
853 1835 1078 1895 umbra
1138 1839 1322 1897 etiam
1376 1852 1516 1919 post
1560 1836 1810 1897 obitum
1861 1841 2001 1895 Λιι-

268 1928 452 2006 gasti
476 1921 861 2008 aliquamdiu
896 1925 1133 1986 Romae
1171 1924 1388 1985 relicta
1414 1924 1569 2001 fuit,
1616 1947 1686 1985 re
1714 1928 1845 2008 ipsa
1881 1947 1996 1985 ve·-

271 2038 349 2075 ro
381 2011 538 2072 nihil
568 2014 693 2080 ⁴nisi
731 2012 846 2071 sub
882 2014 1108 2074 umbra
1148 2029 1315 2088 erat,
1362 2017 1510 2097 quia
1543 2035 1658 2074 nec
1691 2015 1974 2088 Senatus7

275 2124 390 2163 nec
435 2101 702 2186 populus
755 2121 1038 2161 concessa
1090 2105 1207 2163 sibi
1266 2101 1403 2186 jura
1449 2124 1748 2164 exercere
1794 2123 1985 2162 ausus

273 2205 366 2253 est
406 2192 615 2274 prim,
662 2211 850 2271 quam
883 2192 1288 2275 Imperatoris
1329 2192 1717 2251 voluntatem
1759 2190 1984 2273 explo-

274 2294 475 2340 ratam
519 2276 850 2337 habuisset.
920 2280 1218 2342 Ceterum
1263 2284 1593 2358 Augustus
1651 2277 1829 2339 finito
1868 2279 1987 2341 de-

278 2369 535 2443 cennio,
584 2368 814 2426 iterum
838 2367 1003 2427 aliud
1043 2384 1106 2430 et
1142 2369 1308 2428 aliud
1338 2370 1512 2452 quasi
1541 2369 1806 2428 Senatus
1839 2391 1989 2452 pre-

277 2456 453 2516 cibus
477 2467 766 2516 exoratus
798 2461 1097 2540 suscepit3
1138 2458 1368 2541 quibus
1403 2461 1469 2516 in
1507 2453 1854 2539 adjunctis,
1901 2456 1985 2516 ab

278 2545 656 2612 inconsvetis
723 2544 920 2605 titulis
984 2547 1357 2627 (Dictatoris
1420 2544 1664 2606 honore
1723 2561 1982 2606 conten-

278 2646 375 2694 tus
391 2631 459 2712 ‚)
515 2631 922 2709 abstinendO,
982 2636 1276 2697 Militiam
1323 2637 1514 2697 variis
1560 2632 1875 2695 donativis
1922 2647 1991 2695 et

1796 2746 1911 2783 au-

351 2893 430 2961 a)
467 2891 712 2947 Tacitus.
767 2893 916 2947 Ann.
956 2895 1018 2951 L.
1059 2894 1111 2948 1.
1159 2916 1208 2952 o.
1238 2894 1289 2949 2.
1329 2903 1384 2948 et
1419 2893 1470 2952 5.
1516 2892 1587 2960 b)
1644 2888 1992 2960 Xiphilinus.

417 2963 479 3085 {lg
512 2965 686 3087 {pisa
728 2965 888 3020 Dion.
926 2968 991 3022 L.
1027 2965 1113 3022 57.
1147 2966 1274 3021 Dio.
1312 2967 1379 3022 L.
1403 2965 1507 3031 ¹55.
1539 2983 1596 3038 p·
1639 2961 1764 3018 511.
1789 2959 1856 3013 de
1887 2960 1993 3012 Ju-

481 3069 496 3086 .
575 3052 648 3090 w.
