2097 3726
529 235 815 290 Romano
863 233 1236 291 Germanici.
1583 231 1711 314 549

95 415 159 472 in
200 410 415 471 funere
455 411 772 468 Friclerici
813 409 891 466 V.
937 407 1032 468 De
1070 404 1352 470 Historia
1405 409 1806 468 Maximilia-

97 504 165 560 ni
204 502 253 558 I.
298 498 507 581 plures
540 495 794 558 Codices
832 509 1077 557 exstant
1116 500 1180 558 in
1227 495 1616 558 Bibliotheca
1654 498 1808 556 Cae-

99 612 270 650 sarea
305 610 462 670 quos
514 587 883 646 Lambecius
923 602 1242 648 recenset:
1294 590 1443 648 item
1483 588 1806 645 Frelierus

93 678 533 740 collectionum
589 676 787 735 Tomo
832 675 877 733 Ι.
929 687 992 734 et
1039 679 1116 739 ΙΙ.
1167 690 1417 760 praeter
1479 697 1637 760 quos
1698 695 1811 735 ex-

92 781 254 829 stant
290 769 527 827 Justini
566 766 816 823 Gobleri
853 761 1168 824 Chronica
1210 780 1496 826 actorum
1542 764 1810 824 bellico-

93 880 235 917 rum
289 857 722 915 Maximiliani
780 855 832 911 I.
883 864 1100 912 contra
1130 856 1408 916 Venetos
1454 868 1518 915 et
1573 852 1804 917 Gallos,

94 943 487 1007 Francofurti
536 944 724 1010 1566.
789 944 1005 1001 Caroli
1048 945 1124 1002 V.
1167 944 1590 1003 Historiarum
1637 942 1810 1000 Scri-

93 1049 306 1118 ptores
334 1035 650 1094 recensuit
672 1077 688 1107 ‚
742 1035 801 1090 S.
843 1033 1241 1109 Sagittarius
1273 1035 1339 1091 in
1374 1030 1803 1091 Introductio-

91 1146 173 1184 ne
210 1143 321 1182 sua
371 1121 450 1184 ad
496 1123 843 1182 Historiam
893 1120 1381 1182 Ecclesiasticam
1425 1142 1560 1203 cap.
1625 1121 1722 1180 24.
1762 1120 1811 1197 ᾗ.

99 1216 196 1274 55.
239 1235 317 1272 ex
358 1211 590 1296 quibus
623 1212 949 1295 praecipui
989 1226 1169 1271 sunt:
1216 1214 1397 1271 Joan.
1445 1212 1811 1269 Guilielmus

94 1304 381 1362 Ruclzius
440 1299 650 1362 Caroli
709 1301 784 1361 V.
846 1300 1295 1384 Genealogiam
1372 1298 1815 1370 adumbravit,
1890 1323 1893 1325 ’

94 1391 486 1476 Antverpiae
572 1392 757 1453 1556.
835 1394 891 1451 8.
950 1393 1382 1468 Ilieronymus
1450 1389 1817 1448 Gebuilerus

98 1481 362 1564 Scripsit
393 1482 725 1565 Epitomen
757 1478 835 1539 de
871 1492 1099 1540 exortu
1132 1479 1343 1541 Caroli
1380 1482 1460 1542 V.
1509 1490 1571 1538 et
1611 1478 1819 1537 omni-

95 1592 206 1629 um
256 1568 452 1630 Archi
496 1568 727 1630 ducum
775 1568 1066 1629 Austriae
1115 1591 1185 1629 ac
1241 1570 1559 1630 Comitum
1606 1564 1820 1625 Habs-

99 1659 562 1741 burgicorum,
612 1659 881 1718 Lovanii
941 1659 1127 1720 1650.
1171 1664 1226 1720 8.
1275 1660 1636 1736 Cyprianus
1680 1658 1822 1714 Be-

97 1760 278 1808 netus
317 1748 394 1810 de
435 1748 645 1809 Caroli
690 1749 1140 1832 Hispaniarum
1176 1750 1339 1831 regis
1380 1748 1820 1832 praeeminen-

99 1841 184 1898 tia
203 1840 441 1899 Romae
472 1839 662 1899 1518.
706 1840 1109 1896 Christianus
1144 1840 1556 1896 Eberhardus
1598 1834 1821 1895 Helm-

99 1925 308 1989 stadt-ii
352 1926 538 1990 1660.
581 1931 632 1989 4.
672 1930 827 1988 item
864 1930 1314 1987 Hartmannus
1353 1930 1651 1986 Maurus,
1702 1926 1821 1982 Ni·-

101 2021 313 2077 cotaus
345 2019 777 2076 Mameranus.
819 2021 1140 2077 Henricus
1191 2019 1512 2077 Cornelius
1564 2015 1831 2094 Agrip—

86 2131 203 2186 pa.
260 2110 635 2167 Valentinus
675 2108 1086 2166 RothmaruS.
1135 2109 1517 2166 Prudentius
1549 2109 1622 2164 de
1662 2106 1826 2162 San-

102 2200 302 2257 doval.
349 2197 716 2274 Alphonsus
754 2201 827 2255 V
819 2201 961 2256 lloa.
1010 2199 1192 2256 Joan.
1239 2200 1312 2254 V
1302 2198 1678 2255 oerthusius.
1720 2194 1830 2250 Jo-

104 2309 204 2345 an.
244 2287 438 2345 Miclz.
486 2289 861 2354 BeutfieruS.
912 2289 1141 2346 David
1185 2288 1605 2364 ClzytlzraeuS.
1647 2285 1829 2340 Joan.

111 2379 334 2453 Georg.
402 2377 878 2436 Godelmannus.
938 2378 1210 2436 Joannes
1268 2378 1651 2435 Massenius.
1718 2374 1827 2430 Jo-

105 2486 296 2523 annes
377 2468 725 2533 Sleidanus‚
794 2470 1194 2527 'Laurentius
1258 2470 1502 2526 Sarius,
1579 2465 1819 2521 Caesar

113 2557 478 2615 GrolieriuS.
548 2558 796 2633 Caspar
836 2558 1167 2616 Barthius‘.
1233 2559 1536 2616 Nic-olaus
1587 2555 1823 2610 Wllcz-

102 2648 478 2723 gagnoniuS.
518 2648 695 2704 Joan.
766 2647 1060 2724 Christos
1092 2649 1386 2705 Calvetus
1428 2648 1643 2704 Stella.
1686 2644 1823 2699 Lu-

108 2736 358 2793 clovicus
401 2735 482 2792 ab
541 2735 754 2794 Avila.
804 2738 1164 2796 Joaclzimus
1217 2736 1644 2794 Camerarius,
1707 2732 1829 2789 Ni-

109 2827 322 2883 colaus
387 2826 816 2885 Mamercinus.
881 2828 1056 2884 Frid.
1109 2829 1552 2885 Hortleclerus.
1630 2822 1824 2878 Geor-

100 2917 481 2992 giustder
521 2938 621 2992 ap.
675 2916 932 2973 Freher.
993 2918 1057 2973 T.
1112 2917 1165 2974 5.
1209 2915 1303 2976 De
1347 2922 1552 2974 morte
1615 2909 1831 2967 Caroli

119 3008 196 3064 V.
241 3005 609 3087 Evangelica
657 3002 1005 3064 dissertatio
1046 3016 1247 3064 exstat
1293 3007 1555 3062 ,Ioannis
1604 3001 1833 3057 Fride-

112 3098 235 3156 rici
271 3097 532 3171 lilayeri
573 3095 819 3179 Lipsiae
858 3095 1042 3156 1682.
1104 3094 1158 3157 4.
1198 3093 1586 3155 Ferdinancli
1617 3090 1670 3147 I.
1709 3088 1830 3147 Hi—

1482 3194 1746 3244 storiam
