<?xml version="1.0" encoding="UTF-8"?>
<!DOCTYPE html PUBLIC "-//W3C//DTD XHTML 1.0 Transitional//EN"
    "http://www.w3.org/TR/xhtml1/DTD/xhtml1-transitional.dtd">
<html xmlns="http://www.w3.org/1999/xhtml" xml:lang="en" lang="en">
 <head>
  <title>
</title>
<meta http-equiv="Content-Type" content="text/html;charset=utf-8" />
  <meta name='ocr-system' content='tesseract 3.04.00' />
  <meta name='ocr-capabilities' content='ocr_page ocr_carea ocr_par ocr_line ocrx_word'/>
</head>
<body>
  <div class='ocr_page' id='page_1' title='image "./historiauniversa02nagy_0336.png"; bbox 0 0 2097 3726; ppageno 0'>
   <div class='ocr_carea' id='block_1_1' title="bbox 388 134 417 145">
    <p class='ocr_par' dir='ltr' id='par_1_1' title="bbox 388 134 417 145">
     <span class='ocr_line' id='line_1_1' title="bbox 388 134 417 145; baseline 0 -3"><span class='ocrx_word' id='word_1_1' title='bbox 388 134 417 145; x_wconf 59' lang='grc' dir='ltr'>,η</span> 
     </span>
    </p>
   </div>
   <div class='ocr_carea' id='block_1_2' title="bbox 385 130 1446 210">
    <p class='ocr_par' dir='ltr' id='par_1_2' title="bbox 385 130 1446 210">
     <span class='ocr_line' id='line_1_2' title="bbox 385 130 1446 210; baseline 0.002 -21"><span class='ocrx_word' id='word_1_2' title='bbox 385 151 418 189; x_wconf 76' lang='lat' dir='ltr'>o</span> <span class='ocrx_word' id='word_1_3' title='bbox 434 150 455 188; x_wconf 90' lang='lat'>1</span> <span class='ocrx_word' id='word_1_4' title='bbox 470 130 504 185; x_wconf 73' lang='grc'>6</span> <span class='ocrx_word' id='word_1_5' title='bbox 846 132 1139 189; x_wconf 68' lang='grc' dir='ltr'><em>Ηίεῐονία</em></span> <span class='ocrx_word' id='word_1_6' title='bbox 1190 135 1446 210; x_wconf 72' lang='lat' dir='ltr'>Imperii</span> 
     </span>
    </p>
   </div>
   <div class='ocr_carea' id='block_1_3' title="bbox 287 307 1993 2835">
    <p class='ocr_par' dir='ltr' id='par_1_3' title="bbox 287 307 1981 912">
     <span class='ocr_line' id='line_1_3' title="bbox 293 307 1974 393; baseline 0.004 -31"><span class='ocrx_word' id='word_1_7' title='bbox 293 308 546 377; x_wconf 62' lang='lat' dir='ltr'>Damas,</span> <span class='ocrx_word' id='word_1_8' title='bbox 589 324 735 362; x_wconf 77' lang='lat' dir='ltr'>mox</span> <span class='ocrx_word' id='word_1_9' title='bbox 797 307 1039 382; x_wconf 75' lang='lat' dir='ltr'>Geyscte</span> <span class='ocrx_word' id='word_1_10' title='bbox 1097 307 1238 367; x_wconf 89' lang='lat' dir='ltr'>duci</span> <span class='ocrx_word' id='word_1_11' title='bbox 1290 313 1353 367; x_wconf 90' lang='lat' dir='ltr'>in</span> <span class='ocrx_word' id='word_1_12' title='bbox 1404 311 1650 390; x_wconf 79' lang='lat' dir='ltr'>signum</span> <span class='ocrx_word' id='word_1_13' title='bbox 1706 311 1974 393; x_wconf 75' lang='lat' dir='ltr'>compla-</span> 
     </span>
     <span class='ocr_line' id='line_1_4' title="bbox 287 392 1969 458; baseline 0.005 -9"><span class='ocrx_word' id='word_1_14' title='bbox 287 394 523 450; x_wconf 79' lang='lat' dir='ltr'>centiae</span> <span class='ocrx_word' id='word_1_15' title='bbox 574 392 887 452; x_wconf 81' lang='lat' dir='ltr'>Coronam</span> <span class='ocrx_word' id='word_1_16' title='bbox 941 419 1192 456; x_wconf 79' lang='lat' dir='ltr'>auream</span> <span class='ocrx_word' id='word_1_17' title='bbox 1240 396 1477 456; x_wconf 80' lang='lat' dir='ltr'>affabre</span> <span class='ocrx_word' id='word_1_18' title='bbox 1528 395 1753 457; x_wconf 88' lang='lat' dir='ltr'>factam</span> <span class='ocrx_word' id='word_1_19' title='bbox 1802 398 1969 458; x_wconf 85' lang='lat' dir='ltr'>dono</span> 
     </span>
     <span class='ocr_line' id='line_1_5' title="bbox 291 478 1975 568; baseline 0.004 -31"><span class='ocrx_word' id='word_1_20' title='bbox 291 480 456 537; x_wconf 84' lang='lat' dir='ltr'>misit</span> <span class='ocrx_word' id='word_1_21' title='bbox 497 522 512 549; x_wconf 95' lang='lat'>,</span> <span class='ocrx_word' id='word_1_22' title='bbox 572 501 731 560; x_wconf 86' lang='lat' dir='ltr'>quae</span> <span class='ocrx_word' id='word_1_23' title='bbox 786 478 971 544; x_wconf 85' lang='lat' dir='ltr'>hodie</span> <span class='ocrx_word' id='word_1_24' title='bbox 1025 505 1171 544; x_wconf 90' lang='lat' dir='ltr'>cum</span> <span class='ocrx_word' id='word_1_25' title='bbox 1237 485 1416 545; x_wconf 87' lang='lat' dir='ltr'>solita</span> <span class='ocrx_word' id='word_1_26' title='bbox 1479 484 1694 568; x_wconf 79' lang='lat' dir='ltr'>Regali</span> <span class='ocrx_word' id='word_1_27' title='bbox 1744 507 1975 546; x_wconf 87' lang='lat' dir='ltr'>corona</span> 
     </span>
     <span class='ocr_line' id='line_1_6' title="bbox 287 563 1977 646; baseline 0.005 -23"><span class='ocrx_word' id='word_1_28' title='bbox 287 563 617 646; x_wconf 89' lang='lat' dir='ltr'>conjuncta</span> <span class='ocrx_word' id='word_1_29' title='bbox 665 582 770 627; x_wconf 87' lang='lat' dir='ltr'>est.</span> <span class='ocrx_word' id='word_1_30' title='bbox 863 570 1142 632; x_wconf 84' lang='lat' dir='ltr'><strong>Tandem</strong></span> <span class='ocrx_word' id='word_1_31' title='bbox 1174 576 1398 632; x_wconf 67' lang='lat' dir='ltr'>Dacus</span> <span class='ocrx_word' id='word_1_32' title='bbox 1456 573 1538 632; x_wconf 89' lang='lat' dir='ltr'>ob</span> <span class='ocrx_word' id='word_1_33' title='bbox 1578 594 1715 634; x_wconf 89' lang='lat' dir='ltr'>suas</span> <span class='ocrx_word' id='word_1_34' title='bbox 1755 573 1977 634; x_wconf 83' lang='lat' dir='ltr'>levita-</span> 
     </span>
     <span class='ocr_line' id='line_1_7' title="bbox 290 657 1978 731; baseline 0.006 -20"><span class='ocrx_word' id='word_1_35' title='bbox 290 667 417 726; x_wconf 83' lang='lat' dir='ltr'>teS,</span> <span class='ocrx_word' id='word_1_36' title='bbox 455 676 489 710; x_wconf 90' lang='lat' dir='ltr'>a</span> <span class='ocrx_word' id='word_1_37' title='bbox 531 657 882 731; x_wconf 69' lang='lat' dir='ltr'>Nic-ephoro</span> <span class='ocrx_word' id='word_1_38' title='bbox 926 661 1555 722; x_wconf 75' lang='lat' dir='ltr'>Botoniccteauxilio</span> <span class='ocrx_word' id='word_1_39' title='bbox 1617 662 1978 722; x_wconf 90' lang='lat' dir='ltr'>Turcorum</span> 
     </span>
     <span class='ocr_line' id='line_1_8' title="bbox 289 738 1981 811; baseline 0.006 -12"><span class='ocrx_word' id='word_1_40' title='bbox 289 738 517 800; x_wconf 81' lang='lat' dir='ltr'>throno</span> <span class='ocrx_word' id='word_1_41' title='bbox 578 742 944 806; x_wconf 83' lang='lat' dir='ltr'><strong>deturbatus</strong></span> <span class='ocrx_word' id='word_1_42' title='bbox 1011 761 1073 808; x_wconf 90' lang='lat' dir='ltr'>et</span> <span class='ocrx_word' id='word_1_43' title='bbox 1122 752 1496 810; x_wconf 86' lang='lat' dir='ltr'>monasterio</span> <span class='ocrx_word' id='word_1_44' title='bbox 1561 749 1828 810; x_wconf 87' lang='lat' dir='ltr'>inclusus</span> <span class='ocrx_word' id='word_1_45' title='bbox 1889 763 1981 811; x_wconf 86' lang='lat' dir='ltr'>est</span> 
     </span>
     <span class='ocr_line' id='line_1_9' title="bbox 291 833 933 912; baseline 0.014 -27"><span class='ocrx_word' id='word_1_46' title='bbox 291 850 454 888; x_wconf 89' lang='lat' dir='ltr'>anno</span> <span class='ocrx_word' id='word_1_47' title='bbox 501 833 821 912; x_wconf 82' lang='lat' dir='ltr'>regiminis</span> <span class='ocrx_word' id='word_1_48' title='bbox 881 839 933 894; x_wconf 88' lang='lat'>7.</span> 
     </span>
    </p>

    <p class='ocr_par' dir='ltr' id='par_1_4' title="bbox 290 919 1982 1359">
     <span class='ocr_line' id='line_1_10' title="bbox 467 919 1982 1009; baseline 0.007 -35"><span class='ocrx_word' id='word_1_49' title='bbox 467 919 859 996; x_wconf 51' lang='lat' dir='ltr'>Nicephorius</span> <span class='ocrx_word' id='word_1_50' title='bbox 898 925 1277 983; x_wconf 76' lang='lat' dir='ltr'>BotoniateS.</span> <span class='ocrx_word' id='word_1_51' title='bbox 1340 948 1435 984; x_wconf 84' lang='lat' dir='ltr'>an.</span> <span class='ocrx_word' id='word_1_52' title='bbox 1494 928 1673 1006; x_wconf 85' lang='lat'><strong>1078.</strong></span> <span class='ocrx_word' id='word_1_53' title='bbox 1723 927 1982 1009; x_wconf 87' lang='lat' dir='ltr'>imperi-</span> 
     </span>
     <span class='ocr_line' id='line_1_11' title="bbox 290 1012 1981 1090; baseline 0.006 -27"><span class='ocrx_word' id='word_1_54' title='bbox 290 1027 396 1064; x_wconf 90' lang='lat' dir='ltr'>um</span> <span class='ocrx_word' id='word_1_55' title='bbox 444 1021 766 1090; x_wconf 88' lang='lat' dir='ltr'>arreptum</span> <span class='ocrx_word' id='word_1_56' title='bbox 820 1012 988 1070; x_wconf 89' lang='lat' dir='ltr'>inter</span> <span class='ocrx_word' id='word_1_57' title='bbox 1040 1013 1354 1072; x_wconf 84' lang='lat' dir='ltr'>intestinas</span> <span class='ocrx_word' id='word_1_58' title='bbox 1411 1013 1741 1088; x_wconf 82' lang='lat' dir='ltr'>factioneS,</span> <span class='ocrx_word' id='word_1_59' title='bbox 1789 1016 1981 1074; x_wconf 87' lang='lat' dir='ltr'>tertio</span> 
     </span>
     <span class='ocr_line' id='line_1_12' title="bbox 292 1095 1981 1185; baseline 0.005 -33"><span class='ocrx_word' id='word_1_60' title='bbox 292 1095 473 1175; x_wconf 83' lang='lat' dir='ltr'>regni</span> <span class='ocrx_word' id='word_1_61' title='bbox 528 1117 732 1169; x_wconf 83' lang='lat' dir='ltr'>anno,</span> <span class='ocrx_word' id='word_1_62' title='bbox 787 1120 988 1181; x_wconf 86' lang='lat' dir='ltr'>poena</span> <span class='ocrx_word' id='word_1_63' title='bbox 1051 1098 1296 1159; x_wconf 86' lang='lat' dir='ltr'>talionis</span> <span class='ocrx_word' id='word_1_64' title='bbox 1362 1101 1519 1176; x_wconf 92' lang='lat' dir='ltr'>luit,</span> <span class='ocrx_word' id='word_1_65' title='bbox 1560 1125 1703 1160; x_wconf 86' lang='lat' dir='ltr'>nam</span> <span class='ocrx_word' id='word_1_66' title='bbox 1745 1116 1808 1163; x_wconf 87' lang='lat' dir='ltr'>et</span> <span class='ocrx_word' id='word_1_67' title='bbox 1850 1103 1981 1185; x_wconf 88' lang='lat' dir='ltr'>ipse</span> 
     </span>
     <span class='ocr_line' id='line_1_13' title="bbox 290 1180 1982 1266; baseline 0.007 -28"><span class='ocrx_word' id='word_1_68' title='bbox 290 1180 371 1238; x_wconf 87' lang='lat' dir='ltr'>ab</span> <span class='ocrx_word' id='word_1_69' title='bbox 425 1182 649 1241; x_wconf 79' lang='lat' dir='ltr'>Alexio</span> <span class='ocrx_word' id='word_1_70' title='bbox 714 1187 1011 1245; x_wconf 78' lang='lat' dir='ltr'>Conmeno</span> <span class='ocrx_word' id='word_1_71' title='bbox 1058 1188 1264 1260; x_wconf 83' lang='lat' dir='ltr'>Duce,</span> <span class='ocrx_word' id='word_1_72' title='bbox 1306 1186 1536 1249; x_wconf 82' lang='lat' dir='ltr'>throno</span> <span class='ocrx_word' id='word_1_73' title='bbox 1581 1188 1982 1266; x_wconf 80' lang='lat' dir='ltr'>deturbatus,</span> 
     </span>
     <span class='ocr_line' id='line_1_14' title="bbox 291 1267 1515 1359; baseline 0.003 -29"><span class='ocrx_word' id='word_1_74' title='bbox 291 1267 671 1330; x_wconf 82' lang='lat' dir='ltr'>Monachum</span> <span class='ocrx_word' id='word_1_75' title='bbox 725 1273 988 1336; x_wconf 89' lang='lat' dir='ltr'>induere</span> <span class='ocrx_word' id='word_1_76' title='bbox 1033 1276 1367 1359; x_wconf 85' lang='lat' dir='ltr'>conpulsus</span> <span class='ocrx_word' id='word_1_77' title='bbox 1410 1291 1515 1336; x_wconf 91' lang='lat' dir='ltr'>est.</span> 
     </span>
    </p>

    <p class='ocr_par' dir='ltr' id='par_1_5' title="bbox 292 1360 1993 2770">
     <span class='ocr_line' id='line_1_15' title="bbox 468 1360 1980 1448; baseline 0.005 -32"><span class='ocrx_word' id='word_1_78' title='bbox 468 1360 731 1420; x_wconf 74' lang='lat' dir='ltr'>Alexias</span> <span class='ocrx_word' id='word_1_79' title='bbox 801 1365 1138 1421; x_wconf 75' lang='lat' dir='ltr'>Comnenzcs</span> <span class='ocrx_word' id='word_1_80' title='bbox 1200 1363 1364 1425; x_wconf 87' lang='lat' dir='ltr'>filius</span> <span class='ocrx_word' id='word_1_81' title='bbox 1408 1367 1623 1423; x_wconf 75' lang='lat' dir='ltr'>Isaccci</span> <span class='ocrx_word' id='word_1_82' title='bbox 1689 1368 1841 1448; x_wconf 86' lang='lat' dir='ltr'><strong>Imp.</strong></span> <span class='ocrx_word' id='word_1_83' title='bbox 1885 1389 1980 1424; x_wconf 86' lang='lat' dir='ltr'>an.</span> 
     </span>
     <span class='ocr_line' id='line_1_16' title="bbox 298 1447 1985 1527; baseline 0.006 -24"><span class='ocrx_word' id='word_1_84' title='bbox 298 1449 477 1513; x_wconf 81' lang='lat'>1081,</span> <span class='ocrx_word' id='word_1_85' title='bbox 524 1447 749 1509; x_wconf 89' lang='lat' dir='ltr'>solium</span> <span class='ocrx_word' id='word_1_86' title='bbox 792 1450 1079 1512; x_wconf 88' lang='lat' dir='ltr'>obtinens</span> <span class='ocrx_word' id='word_1_87' title='bbox 1103 1498 1119 1524; x_wconf 91' lang='lat'>,</span> <span class='ocrx_word' id='word_1_88' title='bbox 1160 1451 1305 1514; x_wconf 89' lang='lat' dir='ltr'>alias</span> <span class='ocrx_word' id='word_1_89' title='bbox 1343 1453 1544 1514; x_wconf 83' lang='lat' dir='ltr'>bonus</span> <span class='ocrx_word' id='word_1_90' title='bbox 1580 1468 1642 1514; x_wconf 91' lang='lat' dir='ltr'>et</span> <span class='ocrx_word' id='word_1_91' title='bbox 1678 1454 1985 1527; x_wconf 86' lang='lat' dir='ltr'>liberalis,</span> 
     </span>
     <span class='ocr_line' id='line_1_17' title="bbox 292 1534 1984 1622; baseline 0.007 -32"><span class='ocrx_word' id='word_1_92' title='bbox 292 1534 637 1616; x_wconf 89' lang='lat' dir='ltr'>imperandi</span> <span class='ocrx_word' id='word_1_93' title='bbox 684 1550 892 1599; x_wconf 88' lang='lat' dir='ltr'>tamen</span> <span class='ocrx_word' id='word_1_94' title='bbox 941 1539 1201 1622; x_wconf 85' lang='lat' dir='ltr'>cupidus</span> <span class='ocrx_word' id='word_1_95' title='bbox 1237 1586 1253 1614; x_wconf 91' lang='lat'>,</span> <span class='ocrx_word' id='word_1_96' title='bbox 1311 1565 1346 1600; x_wconf 89' lang='lat' dir='ltr'>a</span> <span class='ocrx_word' id='word_1_97' title='bbox 1398 1544 1758 1601; x_wconf 75' lang='lat' dir='ltr'>Guiscczrdo</span> <span class='ocrx_word' id='word_1_98' title='bbox 1817 1541 1984 1602; x_wconf 85' lang='lat' dir='ltr'>bello</span> 
     </span>
     <span class='ocr_line' id='line_1_18' title="bbox 293 1623 1986 1712; baseline 0.006 -33"><span class='ocrx_word' id='word_1_99' title='bbox 293 1635 588 1695; x_wconf 74' lang='lat' dir='ltr'>vexatus,</span> <span class='ocrx_word' id='word_1_100' title='bbox 619 1623 831 1686; x_wconf 90' lang='lat' dir='ltr'>foedus</span> <span class='ocrx_word' id='word_1_101' title='bbox 873 1649 1017 1688; x_wconf 92' lang='lat' dir='ltr'>cum</span> <span class='ocrx_word' id='word_1_102' title='bbox 1054 1628 1273 1689; x_wconf 90' lang='lat' dir='ltr'>Turcis</span> <span class='ocrx_word' id='word_1_103' title='bbox 1314 1632 1536 1706; x_wconf 89' lang='lat' dir='ltr'>inivit,</span> <span class='ocrx_word' id='word_1_104' title='bbox 1574 1643 1792 1690; x_wconf 86' lang='lat' dir='ltr'>contra</span> <span class='ocrx_word' id='word_1_105' title='bbox 1829 1652 1986 1712; x_wconf 84' lang='lat' dir='ltr'>quos</span> 
     </span>
     <span class='ocr_line' id='line_1_19' title="bbox 292 1711 1985 1802; baseline 0.006 -36"><span class='ocrx_word' id='word_1_106' title='bbox 292 1721 498 1769; x_wconf 86' lang='lat' dir='ltr'>tamen</span> <span class='ocrx_word' id='word_1_107' title='bbox 540 1711 720 1772; x_wconf 84' lang='lat' dir='ltr'>brevi</span> <span class='ocrx_word' id='word_1_108' title='bbox 760 1714 1230 1778; x_wconf 88' lang='lat' dir='ltr'>occidentalium</span> <span class='ocrx_word' id='word_1_109' title='bbox 1281 1719 1579 1780; x_wconf 75' lang='lat' dir='ltr'>auxilium</span> <span class='ocrx_word' id='word_1_110' title='bbox 1615 1719 1985 1802; x_wconf 83' lang='lat' dir='ltr'>imploranS,</span> 
     </span>
     <span class='ocr_line' id='line_1_20' title="bbox 295 1798 1985 1888; baseline 0.007 -35"><span class='ocrx_word' id='word_1_111' title='bbox 295 1798 362 1877; x_wconf 80' lang='lat' dir='ltr'>a)</span> <span class='ocrx_word' id='word_1_112' title='bbox 419 1799 756 1858; x_wconf 73' lang='lat' dir='ltr'>Crzccicctcce</span> <span class='ocrx_word' id='word_1_113' title='bbox 807 1807 1182 1878; x_wconf 76' lang='lat' dir='ltr'>expeditioni</span> <span class='ocrx_word' id='word_1_114' title='bbox 1218 1809 1604 1867; x_wconf 82' lang='lat' dir='ltr'>occasionem</span> <span class='ocrx_word' id='word_1_115' title='bbox 1652 1807 1985 1888; x_wconf 86' lang='lat' dir='ltr'>praebuit,</span> 
     </span>
     <span class='ocr_line' id='line_1_21' title="bbox 297 1893 1988 1976; baseline 0.004 -31"><span class='ocrx_word' id='word_1_116' title='bbox 297 1898 518 1945; x_wconf 89' lang='lat' dir='ltr'>contra</span> <span class='ocrx_word' id='word_1_117' title='bbox 566 1910 725 1969; x_wconf 83' lang='lat' dir='ltr'>quos</span> <span class='ocrx_word' id='word_1_118' title='bbox 768 1911 952 1952; x_wconf 87' lang='lat' dir='ltr'>cruce</span> <span class='ocrx_word' id='word_1_119' title='bbox 1002 1893 1267 1973; x_wconf 80' lang='lat' dir='ltr'>signatos</span> <span class='ocrx_word' id='word_1_120' title='bbox 1325 1894 1581 1953; x_wconf 85' lang='lat' dir='ltr'>Latinos</span> <span class='ocrx_word' id='word_1_121' title='bbox 1619 1908 1836 1976; x_wconf 80' lang='lat' dir='ltr'>utpote</span> <span class='ocrx_word' id='word_1_122' title='bbox 1892 1898 1988 1952; x_wconf 89' lang='lat' dir='ltr'>in-</span> 
     </span>
     <span class='ocr_line' id='line_1_22' title="bbox 300 1972 1989 2056; baseline 0.006 -23"><span class='ocrx_word' id='word_1_123' title='bbox 300 1972 596 2050; x_wconf 79' lang='lat' dir='ltr'>solentes,</span> <span class='ocrx_word' id='word_1_124' title='bbox 638 1990 697 2035; x_wconf 86' lang='lat' dir='ltr'>et</span> <span class='ocrx_word' id='word_1_125' title='bbox 745 1992 937 2039; x_wconf 88' lang='lat' dir='ltr'>terras</span> <span class='ocrx_word' id='word_1_126' title='bbox 990 1979 1377 2041; x_wconf 87' lang='lat' dir='ltr'>Graecorum</span> <span class='ocrx_word' id='word_1_127' title='bbox 1431 1981 1813 2042; x_wconf 79' lang='lat' dir='ltr'>devastantes</span> <span class='ocrx_word' id='word_1_128' title='bbox 1854 2027 1869 2056; x_wconf 91' lang='lat'>,</span> <span class='ocrx_word' id='word_1_129' title='bbox 1925 2005 1989 2043; x_wconf 89' lang='lat' dir='ltr'>se</span> 
     </span>
     <span class='ocr_line' id='line_1_23' title="bbox 301 2062 1989 2153; baseline 0.007 -35"><span class='ocrx_word' id='word_1_130' title='bbox 301 2062 621 2122; x_wconf 86' lang='lat' dir='ltr'>inimicum</span> <span class='ocrx_word' id='word_1_131' title='bbox 667 2068 881 2146; x_wconf 80' lang='lat' dir='ltr'>gessit,</span> <span class='ocrx_word' id='word_1_132' title='bbox 913 2091 1015 2128; x_wconf 92' lang='lat' dir='ltr'>eos</span> <span class='ocrx_word' id='word_1_133' title='bbox 1061 2070 1277 2129; x_wconf 76' lang='lat' dir='ltr'>Tur-cis</span> <span class='ocrx_word' id='word_1_134' title='bbox 1318 2068 1678 2153; x_wconf 79' lang='lat' dir='ltr'>prodendo,</span> <span class='ocrx_word' id='word_1_135' title='bbox 1714 2084 1775 2129; x_wconf 85' lang='lat' dir='ltr'>et</span> <span class='ocrx_word' id='word_1_136' title='bbox 1809 2093 1841 2128; x_wconf 91' lang='lat' dir='ltr'>e</span> <span class='ocrx_word' id='word_1_137' title='bbox 1882 2093 1989 2130; x_wconf 87' lang='lat' dir='ltr'>ve-</span> 
     </span>
     <span class='ocr_line' id='line_1_24' title="bbox 297 2150 1992 2235; baseline 0.005 -27"><span class='ocrx_word' id='word_1_138' title='bbox 297 2150 481 2232; x_wconf 81' lang='lat' dir='ltr'>stigio</span> <span class='ocrx_word' id='word_1_139' title='bbox 529 2155 983 2235; x_wconf 84' lang='lat' dir='ltr'>persequendo.</span> <span class='ocrx_word' id='word_1_140' title='bbox 1044 2156 1306 2218; x_wconf 84' lang='lat' dir='ltr'>Francos</span> <span class='ocrx_word' id='word_1_141' title='bbox 1350 2171 1557 2218; x_wconf 87' lang='lat' dir='ltr'>tamen</span> <span class='ocrx_word' id='word_1_142' title='bbox 1592 2156 1848 2219; x_wconf 88' lang='lat' dir='ltr'>honeste</span> <span class='ocrx_word' id='word_1_143' title='bbox 1882 2181 1992 2217; x_wconf 78' lang='lat' dir='ltr'>ex-</span> 
     </span>
     <span class='ocr_line' id='line_1_25' title="bbox 299 2241 1991 2320; baseline 0.005 -24"><span class='ocrx_word' id='word_1_144' title='bbox 299 2241 502 2320; x_wconf 84' lang='lat' dir='ltr'>cepit,</span> <span class='ocrx_word' id='word_1_145' title='bbox 550 2253 612 2298; x_wconf 93' lang='lat' dir='ltr'>et</span> <span class='ocrx_word' id='word_1_146' title='bbox 651 2243 904 2303; x_wconf 88' lang='lat' dir='ltr'>Niceam</span> <span class='ocrx_word' id='word_1_147' title='bbox 941 2244 1057 2303; x_wconf 85' lang='lat' dir='ltr'>sibi</span> <span class='ocrx_word' id='word_1_148' title='bbox 1100 2248 1375 2305; x_wconf 86' lang='lat' dir='ltr'>asseruit.</span> <span class='ocrx_word' id='word_1_149' title='bbox 1470 2248 1562 2304; x_wconf 72' lang='lat' dir='ltr'>Ex</span> <span class='ocrx_word' id='word_1_150' title='bbox 1610 2269 1812 2306; x_wconf 78' lang='lat' dir='ltr'>uxore</span> <span class='ocrx_word' id='word_1_151' title='bbox 1853 2249 1991 2304; x_wconf 74' lang='lat' dir='ltr'>Ire-</span> 
     </span>
     <span class='ocr_line' id='line_1_26' title="bbox 301 2330 1990 2411; baseline 0.007 -28"><span class='ocrx_word' id='word_1_152' title='bbox 301 2347 377 2384; x_wconf 82' lang='lat' dir='ltr'>ne</span> <span class='ocrx_word' id='word_1_153' title='bbox 422 2331 685 2411; x_wconf 86' lang='lat' dir='ltr'>suscepit</span> <span class='ocrx_word' id='word_1_154' title='bbox 720 2345 843 2392; x_wconf 89' lang='lat' dir='ltr'>tres</span> <span class='ocrx_word' id='word_1_155' title='bbox 881 2330 1072 2404; x_wconf 87' lang='lat' dir='ltr'>filios,</span> <span class='ocrx_word' id='word_1_156' title='bbox 1120 2336 1211 2392; x_wconf 92' lang='lat' dir='ltr'>uti</span> <span class='ocrx_word' id='word_1_157' title='bbox 1243 2335 1501 2392; x_wconf 79' lang='lat' dir='ltr'>Jocmem</span> <span class='ocrx_word' id='word_1_158' title='bbox 1559 2356 1990 2410; x_wconf 88' lang='lat' dir='ltr'>successorem,</span> 
     </span>
     <span class='ocr_line' id='line_1_27' title="bbox 300 2418 1992 2506; baseline 0.005 -32"><span class='ocrx_word' id='word_1_159' title='bbox 300 2418 727 2476; x_wconf 75' lang='lat' dir='ltr'>Andronicum</span> <span class='ocrx_word' id='word_1_160' title='bbox 787 2434 847 2480; x_wconf 87' lang='lat' dir='ltr'>et</span> <span class='ocrx_word' id='word_1_161' title='bbox 922 2424 1172 2480; x_wconf 76' lang='lat' dir='ltr'>Isacmn</span> <span class='ocrx_word' id='word_1_162' title='bbox 1243 2445 1278 2480; x_wconf 90' lang='lat' dir='ltr'>a</span> <span class='ocrx_word' id='word_1_163' title='bbox 1343 2446 1474 2505; x_wconf 82' lang='lat' dir='ltr'>quo</span> <span class='ocrx_word' id='word_1_164' title='bbox 1541 2423 1992 2506; x_wconf 84' lang='lat' dir='ltr'>Trapezuntini</span> 
     </span>
     <span class='ocr_line' id='line_1_28' title="bbox 299 2505 1993 2595; baseline 0.005 -34"><span class='ocrx_word' id='word_1_165' title='bbox 299 2505 711 2587; x_wconf 85' lang='lat' dir='ltr'>Imperatores</span> <span class='ocrx_word' id='word_1_166' title='bbox 766 2522 976 2569; x_wconf 87' lang='lat' dir='ltr'>ortum</span> <span class='ocrx_word' id='word_1_167' title='bbox 1030 2509 1280 2570; x_wconf 88' lang='lat' dir='ltr'>ducunt.</span> <span class='ocrx_word' id='word_1_168' title='bbox 1374 2513 1467 2570; x_wconf 76' lang='lat' dir='ltr'>Ex</span> <span class='ocrx_word' id='word_1_169' title='bbox 1516 2527 1789 2595; x_wconf 81' lang='lat' dir='ltr'>quatuor</span> <span class='ocrx_word' id='word_1_170' title='bbox 1838 2510 1993 2569; x_wconf 89' lang='lat' dir='ltr'>filia-</span> 
     </span>
     <span class='ocr_line' id='line_1_29' title="bbox 303 2591 1993 2676; baseline 0.004 -27"><span class='ocrx_word' id='word_1_171' title='bbox 303 2591 419 2651; x_wconf 86' lang='lat' dir='ltr'>bus</span> <span class='ocrx_word' id='word_1_172' title='bbox 475 2593 841 2656; x_wconf 83' lang='lat' dir='ltr'>celeberima</span> <span class='ocrx_word' id='word_1_173' title='bbox 887 2612 976 2660; x_wconf 92' lang='lat' dir='ltr'>est</span> <span class='ocrx_word' id='word_1_174' title='bbox 1021 2601 1210 2657; x_wconf 74' lang='lat' dir='ltr'>Alma</span> <span class='ocrx_word' id='word_1_175' title='bbox 1273 2602 1576 2660; x_wconf 77' lang='lat' dir='ltr'>Conmena</span> <span class='ocrx_word' id='word_1_176' title='bbox 1643 2602 1993 2676; x_wconf 73' lang='lat' dir='ltr'>Nic-ephoro</span> 
     </span>
     <span class='ocr_line' id='line_1_30' title="bbox 298 2681 1993 2770; baseline 0.007 -33"><span class='ocrx_word' id='word_1_177' title='bbox 298 2681 605 2740; x_wconf 75' lang='lat' dir='ltr'>Briemzio</span> <span class='ocrx_word' id='word_1_178' title='bbox 671 2684 902 2748; x_wconf 86' lang='lat' dir='ltr'>elocata</span> <span class='ocrx_word' id='word_1_179' title='bbox 936 2731 952 2762; x_wconf 91' lang='lat'>,</span> <span class='ocrx_word' id='word_1_180' title='bbox 1011 2710 1173 2770; x_wconf 85' lang='lat' dir='ltr'>quae</span> <span class='ocrx_word' id='word_1_181' title='bbox 1227 2688 1615 2751; x_wconf 87' lang='lat' dir='ltr'>Graecorum</span> <span class='ocrx_word' id='word_1_182' title='bbox 1683 2704 1746 2749; x_wconf 90' lang='lat' dir='ltr'>et</span> <span class='ocrx_word' id='word_1_183' title='bbox 1793 2690 1993 2748; x_wconf 82' lang='lat' dir='ltr'>Patris</span> 
     </span>
    </p>

    <p class='ocr_par' dir='ltr' id='par_1_6' title="bbox 1812 2798 1905 2835">
     <span class='ocr_line' id='line_1_31' title="bbox 1812 2798 1905 2835; baseline -0.022 0"><span class='ocrx_word' id='word_1_184' title='bbox 1812 2798 1905 2835; x_wconf 79' lang='lat' dir='ltr'>sul</span> 
     </span>
    </p>
   </div>
   <div class='ocr_carea' id='block_1_4' title="bbox 303 2860 617 2875">
    <p class='ocr_par' dir='ltr' id='par_1_7' title="bbox 303 2860 617 2875">
     <span class='ocr_line' id='line_1_32' title="bbox 303 2860 617 2875; baseline 0 851"><span class='ocrx_word' id='word_1_185' title='bbox 303 2860 617 2875; x_wconf 95' lang='lat' dir='ltr'> </span> 
     </span>
    </p>
   </div>
   <div class='ocr_carea' id='block_1_5' title="bbox 379 2958 1991 3038">
    <p class='ocr_par' dir='ltr' id='par_1_8' title="bbox 379 2958 1991 3038">
     <span class='ocr_line' id='line_1_33' title="bbox 379 2958 1991 3038; baseline 0.007 -31"><span class='ocrx_word' id='word_1_186' title='bbox 379 2958 451 3029; x_wconf 83' lang='grc' dir='ltr'>α)</span> <span class='ocrx_word' id='word_1_187' title='bbox 490 2961 736 3016; x_wconf 79' lang='lat' dir='ltr'>Zonaras.</span> <span class='ocrx_word' id='word_1_188' title='bbox 776 2965 836 3016; x_wconf 91' lang='lat' dir='ltr'>L.</span> <span class='ocrx_word' id='word_1_189' title='bbox 881 2965 962 3019; x_wconf 80' lang='lat'><strong>¹17.</strong></span> <span class='ocrx_word' id='word_1_190' title='bbox 1002 2987 1044 3019; x_wconf 91' lang='lat' dir='ltr'>c.</span> <span class='ocrx_word' id='word_1_191' title='bbox 1090 2967 1172 3020; x_wconf 74' lang='lat'><strong>22.</strong></span> <span class='ocrx_word' id='word_1_192' title='bbox 1210 2987 1323 3038; x_wconf 81' lang='lat' dir='ltr'>seq.</span> <span class='ocrx_word' id='word_1_193' title='bbox 1381 2970 1535 3020; x_wconf 84' lang='lat' dir='ltr'>Anna</span> <span class='ocrx_word' id='word_1_194' title='bbox 1589 2968 1887 3024; x_wconf 82' lang='lat' dir='ltr'>Conmena.</span> <span class='ocrx_word' id='word_1_195' title='bbox 1931 2959 1991 3018; x_wconf 84' lang='lat' dir='ltr'><strong>L.</strong></span> 
     </span>
    </p>
   </div>
   <div class='ocr_carea' id='block_1_6' title="bbox 448 3025 1347 3108">
    <p class='ocr_par' dir='ltr' id='par_1_9' title="bbox 448 3025 1347 3108">
     <span class='ocr_line' id='line_1_34' title="bbox 448 3025 1347 3108; baseline 0.009 -23"><span class='ocrx_word' id='word_1_196' title='bbox 448 3025 500 3085; x_wconf 80' lang='lat'><strong>3.</strong></span> <span class='ocrx_word' id='word_1_197' title='bbox 535 3060 602 3070; x_wconf 89' lang='lat'>—</span> <span class='ocrx_word' id='word_1_198' title='bbox 638 3031 717 3085; x_wconf 75' lang='grc'>11.</span> <span class='ocrx_word' id='word_1_199' title='bbox 755 3036 987 3108; x_wconf 71' lang='lat' dir='ltr'>Niceph,</span> <span class='ocrx_word' id='word_1_200' title='bbox 1028 3039 1086 3090; x_wconf 87' lang='lat' dir='ltr'><strong>L.</strong></span> <span class='ocrx_word' id='word_1_201' title='bbox 1124 3038 1175 3091; x_wconf 81' lang='lat'><strong>4.</strong></span> <span class='ocrx_word' id='word_1_202' title='bbox 1206 3059 1252 3090; x_wconf 87' lang='lat' dir='ltr'>c.</span> <span class='ocrx_word' id='word_1_203' title='bbox 1293 3038 1347 3094; x_wconf 84' lang='lat'><strong>7.</strong></span> 
     </span>
    </p>
   </div>
  </div>
 </body>
</html>
