2097 3726
350 121 382 139 pr

348 138 382 179 o
393 146 421 183 2
435 119 469 176 4
794 115 1092 189 Ilistoria
1129 117 1388 191 Imperii

259 286 736 372 Adrianopolim
779 291 872 348 sui
924 286 1076 373 juris
1119 289 1415 351 fecerunt.
1499 289 1759 349 Interim
1807 309 1951 351 cum

259 384 522 437 loannes
594 374 865 459 pupillus
935 391 1411 453 maturesceret,
1490 379 1600 438 etsi
1678 375 1953 458 ejusdem

270 467 690 525 Cantacuzem'
728 462 918 525 filiam
963 469 1272 525 Helenam
1314 470 1376 525 in
1429 465 1826 525 matrimonio
1866 478 1956 524 te-

260 567 467 625 neret,
525 566 731 611 tamen
771 552 977 613 studio
1018 557 1276 613 loannis
1321 557 1645 613 Franci-sci
1698 555 1955 610 Catallv

261 646 340 699 sii
400 641 786 716 GenuensiS,
871 664 1153 702 socerum
1213 665 1393 702 suum
1457 648 1957 701 Cantacazenum

262 730 338 789 de
381 727 608 787 throno
662 727 1066 801 deturbavit,
1130 732 1510 792 Monasterio
1565 728 1850 801 inclusit,
1895 741 1960 788 et

264 818 614 900 Imperium
673 819 916 877 avitum
973 817 1264 902 deinceps
1325 819 1490 880 solus
1550 817 1961 903 gubernavit,

263 917 438 966 sexto
471 906 889 986 usurpationis
939 928 1139 979 anno,
1199 930 1333 989 quo
1368 910 1551 968 etiam
1593 909 1658 965 in
1691 906 1962 989 praemi-

266 1018 371 1052 um
432 991 628 1051 fidelis
695 994 938 1052 servitii
1004 996 1332 1054 Catalusio
1388 995 1644 1057 donavit
1702 992 1962 1053 insulam

265 1083 546 1144 Lesbum.
595 1080 679 1160 a)

442 1171 709 1226 Jocmnes
755 1173 1183 1248 PalaeologaS.
1245 1173 1428 1251 1547.
1467 1174 1821 1231 Tui-corum
1868 1168 1966 1229 fu-

268 1279 479 1317 rorem
513 1257 681 1317 ultro
718 1261 993 1341 experiri
1035 1257 1284 1334 debuit,
1332 1262 1443 1341 qui
1486 1263 1802 1342 occupatis
1836 1281 1963 1316 non

267 1347 580 1418 contenti,
640 1347 1009 1407 victricibus
1063 1349 1249 1408 armis
1311 1350 1374 1405 in
1431 1348 1692 1408 Thracia
1742 1348 1966 1429 Hispa-

269 1434 386 1491 lam
414 1480 429 1508 ,
479 1448 541 1494 et
583 1430 1073 1519 Phisippopolim
1116 1439 1524 1519 eripuerunt,
1571 1458 1699 1519 quo
1742 1437 1804 1493 in
1857 1456 1966 1516 pe-

270 1522 468 1580 riculo
519 1523 782 1580 Romam
820 1522 1137 1606 profectus
1173 1529 1446 1584 loannes
1483 1525 1786 1584 auxilium
1821 1544 1966 1583 mo·-

271 1612 404 1667 tivo
439 1613 752 1667 remziom's
788 1613 1132 1693 petituruS,
1178 1612 1285 1673 sed
1320 1636 1447 1672 non
1485 1613 1773 1673 obtinens
1795 1657 1810 1686 ,
1856 1609 1968 1670 do-

272 1719 446 1755 mum
489 1719 774 1759 reversus
805 1744 820 1770 ,
883 1721 1030 1758 mox
1074 1700 1403 1782 Bulgariae
1451 1714 1513 1761 et
1555 1702 1811 1760 Serviae
1847 1699 1973 1759 De-

273 1799 592 1866 spotarum
636 1786 905 1845 motibus
954 1810 1016 1848 se
1066 1811 1387 1871 opponere
1440 1788 1970 1871 compellebatur,

274 1894 430 1952 quos
468 1885 536 1930 ut
580 1870 816 1932 facilius
846 1888 1301 1959 compesceret,
1349 1877 1503 1936 inito
1552 1898 1695 1935 cum
1747 1876 1970 1936 Turcis

277 1959 562 2034 foedere,
611 1961 687 2021 lis
725 1964 928 2022 omnia
964 1986 1032 2022 ea
1059 2007 1076 2038 ,
1121 1987 1282 2047 quae
1317 1962 1608 2025 hactenus
1652 1968 1716 2022 in
1768 1962 1973 2024 Thra-

278 2050 373 2105 cia
418 2064 880 2130 occupaverant
926 2055 1243 2134 permisit3
1313 2052 1420 2115 sed
1472 2057 1727 2136 insuper
1774 2074 1973 2134 quium

278 2136 575 2196 Turcicos
597 2136 1007 2220 stipendiaros
1045 2140 1270 2201 milites
1304 2142 1546 2203 solvere
1577 2164 1703 2200 non
1736 2141 1971 2223 potuis-

273 2237 365 2285 set
392 2269 407 2298 ‚
451 2220 929 2306 Adrianopolim
972 2249 1224 2311 quoque
1278 2251 1396 2313 pro
1440 2230 1782 2303 solutione,
1833 2226 1971 2309 jure

278 2334 603 2372 armorum
639 2315 853 2373 amisit.
921 2315 1197 2378 Tandem
1235 2341 1268 2377 a
1299 2317 1428 2379 filio
1464 2340 1578 2379 suo
1612 2318 1971 2376 Andronico

280 2399 534 2476 rebelli,
581 2401 810 2461 auxilio
843 2405 1184 2479 Bajazetis
1214 2427 1411 2489 regno
1444 2418 1700 2480 exutus,
1751 2420 1812 2465 et
1847 2427 1971 2461 una

280 2509 425 2547 cum
478 2488 602 2549 alio
656 2489 788 2548 filio
831 2493 1170 2554 Emanuele
1209 2497 1272 2554 in
1310 2493 1822 2577 quadriennalem
1865 2514 1973 2550 cu-

278 2576 542 2636 stodiam
579 2576 893 2664 conjectus
920 2596 1048 2661 est,
1094 2582 1260 2645 unde
1298 2605 1493 2668 quum
1526 2585 1832 2657 Bajazetc‘
1871 2583 1967 2640 50.

1690 2669 1883 2729 millia

346 2834 422 2909 a)
472 2837 624 2890 Joan.
682 2839 972 2899 Cantacuz.
1024 2844 1089 2895 L.
1133 2842 1184 2898 2.
1233 2843 1450 2895 Laonic.
1499 2840 1858 2894 Chalcocond.
1901 2840 1969 2890 de

418 2905 807 3032 {UTI-eiff'h
860 2910 908 2965 1.
968 2914 1120 2965 Joan.
1174 2912 1448 2970 Le'onclat.
1499 2913 1589 2967 sS.
1636 2911 1964 2964 Musulman.

469 3013 483 3030 .
519 2993 567 3028 ².
605 2998 630 3028 c
698 2997 746 3032 a.
