2097 3726
413 229 529 285 172
857 212 1461 269 Historia

314 372 435 431 tiae
466 392 676 429 curam
707 392 831 432 esse
863 387 1173 454 oportere.
1222 374 1452 433 Contra
1482 373 1822 433 Germanos
1843 420 1858 448 ,
1908 375 1995 452 a)

313 462 551 530 Pictos,
598 460 848 534 Scotos,
897 463 1200 533 Saxone3‚
1273 464 1347 541 b)
1410 464 1555 521 item
1596 465 1879 520 Firmum
1926 466 1990 521 in

315 545 529 604 Africa
582 547 968 627 tyrannidem
1009 551 1394 610 affectantem
1452 549 1522 626 c)
1567 548 1828 609 feliciter
1869 551 2002 611 bel-

314 631 480 691 lavit.
551 634 671 694 Sed
715 639 855 718 quia
901 640 1093 696 nimio
1130 639 1350 697 limites
1398 637 1717 695 muniendi
1756 638 1958 698 studio
1985 684 2001 712 ,

314 722 557 780 castella
609 738 671 782 et
722 725 1025 805 praesidia
1089 729 1152 783 in
1206 725 1567 797 Qvadorum
1624 728 1804 785 terris
1853 729 2000 809 poni

314 806 618 889 jussisset,
687 835 1024 893 regemque
1077 813 1327 872 illorum
1385 836 1463 873 ne
1508 812 1570 870 id
1616 812 1850 874 faceret
1894 814 1999 878 dee

312 914 707 979 precantem,
755 904 1076 958 Maximus
1117 905 1294 982 operi
1361 900 1705 983 praefectus
1766 902 2004 961 nefarie

315 985 667 1062 occidisset,
746 993 1088 1072 exasperati
1144 992 1187 1047 ii
1241 991 1531 1062 barbari,
1628 992 2005 1049 Pannoniam

313 1095 459 1132 cum
501 1076 797 1135 Sarmatis
832 1079 1159 1137 immanem
1185 1079 1245 1135 in
1282 1077 1536 1136 modum
1572 1076 2004 1152 devastarunt,

314 1162 543 1243 quibus
581 1167 923 1245 imperator
965 1165 1145 1224 brevi
1205 1168 1403 1224 vicem
1449 1164 1746 1241 reddens,
1808 1187 2004 1247 quum

311 1249 497 1332 legati
531 1253 610 1311 ab
646 1254 715 1311 iis
750 1256 913 1335 pacis
944 1252 1210 1313 orandae
1241 1274 1422 1311 causa
1459 1254 1877 1326 advenissent,
1920 1253 2005 1331 d)

314 1341 380 1397 in
416 1363 519 1400 eos
567 1364 683 1424 pro
726 1339 1047 1399 iracundia
1091 1364 1198 1400 sua
1232 1337 1652 1402 vehementius
1690 1345 2005 1411 invectuS,

315 1451 366 1486 a.
419 1431 561 1507 575.
609 1432 810 1511 ruptis
864 1429 1192 1503 vitalibus,
1258 1451 1364 1489 seu
1419 1429 1745 1514 apoplexia
1798 1450 2009 1489 corre-

314 1529 486 1600 ptus,
551 1519 922 1599 Bregetione
959 1521 1022 1576 in
1061 1520 1378 1578 Pannonia
1427 1541 1589 1577 anno
1640 1520 1856 1578 aetatis
1907 1520 2004 1578 55.

316 1603 610 1678 decessit,
671 1607 736 1677 e)
786 1608 1073 1689 princeps
1120 1610 1258 1688 pins
1299 1619 1360 1666 et
1404 1609 1468 1665 in
1515 1606 1819 1688 religione
1863 1628 2009 1665 con-

317 1706 498 1751 stans.
570 1693 711 1762 Quo
758 1707 1007 1752 mortuo
1048 1694 1205 1754 alter
1246 1693 1408 1753 filius
1459 1697 1938 1753 Valentinianus
1976 1717 2010 1752 a

317 1779 620 1839 militibus
664 1782 1015 1860 Imperator
1055 1780 1288 1855 factnS,
1358 1803 1501 1841 cum
1555 1786 1862 1840 Gratiano
1905 1803 2011 1841 oc-

317 1866 619 1927 cidentale
673 1869 1002 1948 imperium
1057 1868 1300 1940 divisit,
1354 1871 1442 1945 f)
1503 1885 1564 1928 et
1615 1892 1756 1929 cum
1815 1886 2013 1929 matre

319 1957 573 2013 Justina
643 1954 1066 2015 Mediolanum
1134 1960 1446 2016 concessit.
1498 1995 1581 2003 —
1629 1959 1801 2017 Inter
1864 1957 2013 2018 haec

325 2047 562 2103 Valens
598 2045 661 2100 in
702 2045 942 2103 oriente
975 2043 1408 2104 blandimentis
1439 2048 1650 2104 uxoris
1690 2068 1833 2106 suae
1870 2045 2012 2106 hae—

321 2133 443 2191 resi
483 2130 757 2190 Arianae
798 2130 1072 2190 addictus
1100 2177 1115 2202 ,
1160 2133 1236 2190 ab
1293 2132 1637 2193 orthodoxa
1689 2133 1811 2193 fide
1859 2134 2013 2195 defi-

323 2223 521 2294 cienS,
601 2234 936 2302 perpetuus
1006 2220 1393 2280 Arianorum
1464 2235 1783 2304 protector
1854 2221 2010 2281 fuit:

325 2310 434 2389 qui
474 2308 618 2367 licet
650 2307 810 2367 bella
849 2322 1065 2366 contra
1104 2310 1505 2383 Procopium,
1554 2311 1764 2368 Persas
1800 2326 1861 2369 et
1887 2313 2015 2371 Go—

323 2395 461 2456 thos
513 2397 754 2478 saepius
806 2416 1107 2479 prospera
1165 2398 1482 2475 gessisset,
1551 2420 1585 2454 a
1646 2397 1864 2458 Gothis
1925 2414 2016 2458 ta-

1745 2510 1883 2546 men
1911 2534 1925 2560 ‚

391 2659 466 2722 a)
520 2655 795 2711 Ammian.
831 2656 893 2708 L.
932 2653 1016 2708 2¹7.
1071 2675 1118 2713 e.
1153 2655 1202 2708 9.
1242 2657 1447 2708 Zosim.
1488 2658 1552 2712 L.
1587 2657 1635 2708 4.
1688 2655 1756 2725 b)
1798 2658 2011 2708 Ammi-

462 2745 549 2780 an.
578 2728 639 2778 L.
671 2725 760 2780 27.
800 2746 841 2778 c.
877 2725 928 2781 ὅ.
966 2735 1021 2777 et
1053 2726 1117 2782 L.
1145 2725 1233 2784 28.
1266 2747 1310 2778 e.
1345 2726 1550 2779 3.-5.
1591 2728 1835 2778 Orosius.
1872 2728 1930 2777 L.
1961 2727 2009 2778 7.

464 2816 510 2848 c.
549 2795 637 2850 32.
691 2796 759 2866 c)
797 2796 1077 2852 Ammian.
1130 2796 1194 2851 L.
1227 2796 1308 2848 29.
1368 2816 1412 2848 c.
1453 2796 1499 2848 5.
1560 2797 1805 2850 Orosius,
1864 2797 1925 2845 L.
1966 2796 2011 2848 7.

465 2885 510 2917 c.
545 2864 630 2918 33.
669 2866 874 2922 Zosim.
913 2866 973 2918 L.
1013 2865 1062 2918 4.
1101 2883 1146 2916 e.
1189 2865 1268 2918 16.
1309 2867 1378 2926 d)
1421 2866 1684 2916 Ammian.
1716 2866 1774 2918 L.
1805 2864 1892 2919 29.
1928 2865 2013 2917 30.

463 2956 511 2992 c.
548 2937 602 2990 5.
635 2955 744 3007 seq.
788 2936 990 2987 Zosim.
1026 2936 1087 2987 L.
1117 2934 1168 2987 4.
1212 2955 1257 2988 c.
1298 2936 1374 2988 17.
1414 2932 1481 3004 e)
1520 2935 1787 2986 Ammian.
1834 2937 1892 2986 L.
1924 2935 2009 2988 30.

461 3026 508 3061 c.
543 3005 596 3061 9.
634 3007 837 3058 Zosim.
873 3008 938 3060 L.
974 3004 1026 3060 4.
1066 3005 1272 3057 Socrat.
1309 3008 1371 3059 L.
1404 3003 1454 3056 4.
1490 3023 1537 3058 c.
1570 3002 1654 3055 31.
1679 3002 1757 3075 f)
1805 3008 2013 3056 Ammi-

464 3093 550 3125 an.
599 3077 662 3128 L.
702 3074 788 3128 30.
840 3095 884 3126 c.
936 3076 1036 3129 ult.
1077 3075 1288 3128 Soe1at.
1325 3076 1386 3125 L.
1445 3070 1496 3123 4.
1533 3092 1580 3128 c.
1617 3073 1703 3129 ⁶26.
1754 3074 2013 3137 Theodo-

462 3152 570 3199 ret.
604 3144 667 3195 L.
707 3145 763 3200 5.
804 3163 845 3194 c.
890 3142 976 3197 12.
1016 3145 1298 3196 Sozomen.
1338 3144 1402 3196 L.
1437 3141 1481 3193 6.
1522 3162 1569 3199 c.
1612 3145 1694 3195 10.
