2097 3726
511 128 788 184 Romano
841 125 1224 181 Graec-(mici.
1569 127 1685 203 307

91 299 231 360 dem
268 301 477 361 infelix
515 305 577 360 in
606 299 778 358 bellis
827 299 1224 370 saracenicis,
1278 301 1338 357 in
1381 300 1774 362 melancholi-

88 412 187 447 am
236 390 511 449 incidens
557 409 718 446 anno
785 388 1107 464 regiminis
1181 389 1273 447 15.
1324 403 1603 449 mortuus
1651 402 1770 462 cst,

87 476 446 559 relinquens
516 476 710 535 filium
779 477 1152 532 Michaelem
1214 478 1547 558 parvulum
1594 523 1608 549 ,
1670 480 1768 536 cui

98 567 480 624 Theodoram
530 565 810 622 Uxorem
856 564 917 621 in
970 566 1261 625 tutricem
1302 569 1639 626 constituit.

268 656 551 712 ,Michael
592 653 716 709 III.
778 673 873 710 an.
943 653 1083 710 841.
1134 651 1330 713 donec
1375 675 1517 715 cum
1579 668 1775 715 matre

85 744 499 825 imperitavit,
546 754 766 798 cuncta
801 761 1101 822 prospere
1145 741 1588 817 succedebant,
1629 766 1773 803 nam

90 835 409 890 Theodora
457 841 578 888 tota
625 850 660 885 a
706 829 847 887 viro
894 827 1140 888 diversa
1171 877 1188 903 ,
1242 830 1575 890 auxiliante
1620 834 1768 889 lVIcz-

79 925 253 978 mcele
300 917 501 988 duce,
567 917 801 975 mirum
870 918 930 976 in
995 917 1250 978 modum
1304 940 1501 978 sacras
1559 922 1772 1001 imagi-

78 1030 186 1068 nes
226 1027 566 1086 earumque
606 1004 837 1064 cultum
883 1008 1087 1064 statim
1133 1009 1434 1082 restituit,
1469 1007 1770 1068 haeresim

78 1095 624 1165 iconoclastarum,
672 1115 834 1174 quae
882 1097 1018 1153 120.
1067 1098 1243 1153 annis
1282 1096 1613 1156 Ecclesiam
1662 1118 1764 1156 ve-

76 1197 370 1254 xaverat,
419 1205 538 1240 una
588 1203 734 1240 cum
774 1180 1250 1242 Manicheorum
1315 1184 1549 1245 haeresi
1591 1187 1768 1266 peni-

77 1287 170 1330 tus
206 1273 575 1354 exstirpavit
599 1294 615 1346 3
661 1272 973 1348 Bogorem
1019 1293 1172 1331 vero
1210 1273 1626 1355 Bulgarorum
1669 1294 1767 1332 re-

74 1383 252 1441 gem,
303 1381 514 1441 pacem
543 1379 687 1417 cum
758 1380 832 1419 eo
880 1373 1233 1446 constanter
1286 1359 1626 1436 servando,
1693 1359 1769 1419 ad

75 1448 418 1506 Christiana
457 1469 628 1506 sacra
675 1448 1062 1529 suscipienda
1099 1452 1426 1531 permovit.
1488 1447 1766 1510 Tandem

73 1535 201 1595 filio
252 1535 328 1593 ad
386 1536 726 1617 legitimam
767 1548 1032 1594 aetatem
1072 1537 1460 1617 pervenienti
1501 1537 1765 1619 Imperi-

73 1647 181 1682 um
216 1637 432 1707 sponte
480 1623 734 1698 cedenS,
781 1624 964 1682 simul
1027 1621 1383 1682 thesaurum
1434 1624 1534 1685 29.
1581 1623 1773 1683 milli-

71 1734 262 1772 onum
331 1713 756 1795 Imperialium
818 1710 1089 1770 tradidit.
1181 1714 1328 1772 Post
1395 1733 1558 1794 quae
1632 1715 1766 1771 Mi-

70 1803 253 1858 clzczel
303 1802 366 1858 in
407 1803 557 1859 vitia
604 1821 834 1872 ruenS,
882 1801 1150 1860 Matrem
1194 1799 1501 1862 coenobio
1564 1800 1766 1861 inclu-

71 1891 194 1964 sit,
246 1888 514 1949 luxuriis
561 1902 622 1950 et
682 1889 1248 1973 compotationibus
1313 1892 1497 1949 nimis
1561 1888 1764 1950 indul-

68 1975 272 2058 gendo
335 2000 587 2039 omnem
657 1974 1016 2037 thesaurum
1094 1976 1506 2061 dilapidavit3
1566 1982 1766 2037 Basi-

69 2069 220 2123 liam
269 2068 332 2124 in
378 2067 618 2127 stabulo
666 2088 952 2142 servum,
989 2067 1348 2141 Caesarem,
1386 2070 1712 2128 constituit
1744 2113 1761 2142 ,

69 2151 174 2211 sed
240 2176 436 2235 quum
492 2178 626 2215 eam
693 2154 1055 2235 dignitatem
1115 2157 1301 2215 etiam
1361 2157 1470 2214 uni
1546 2171 1763 2217 nauta-

71 2263 212 2298 rum
268 2243 656 2316 contulisset,
720 2246 1014 2303 Basilius
1075 2243 1329 2318 timens,
1384 2243 1565 2304 brevi
1630 2247 1761 2303 lm-

69 2331 344 2386 clzaelem
379 2352 491 2410 per
532 2331 835 2406 latrones,
861 2331 1277 2393 temulentum
1314 2331 1719 2392 trucididavit
1738 2379 1756 2405 ,

69 2440 164 2476 an.
214 2420 390 2496 regni
443 2419 541 2478 25.
609 2417 676 2495 a)
1672 2490 1677 2495 ·

242 2508 525 2563 Basilius
579 2508 841 2565 Macedo
900 2527 934 2565 e
980 2505 1240 2566 Stabulo
1293 2505 1371 2566 ad
1427 2506 1753 2569 Thronum

66 2607 350 2667 evectus,
419 2616 568 2652 mox
640 2596 952 2654 aerarium
1004 2593 1157 2654 adeo
1216 2596 1613 2667 instauravit,
1683 2610 1757 2655 ut

66 2704 143 2741 ex
199 2681 469 2741 collectis
540 2684 681 2743 500.
755 2685 1146 2742 centenariis,
1201 2687 1387 2757 auri,
1468 2683 1752 2744 militiam

65 2769 623 2853 splendidissimam
697 2784 916 2831 contra
985 2771 1233 2832 Turcos·
1280 2773 1740 2847 conscriberet,

1023 2883 1063 2920 u
1097 2880 1127 2918 2
1582 2860 1659 2923 de

136 3027 207 3100 α)
249 3030 508 3087 Zonaras,
548 3030 614 3085 Τ.
652 3030 706 3090 3,
