2097 3726
497 118 556 172 R
604 137 637 170 ο
684 134 743 169 m
791 135 831 169 a
877 133 918 170 n
961 136 996 172 ο
1043 137 1079 173 r
1124 137 1165 175 ῑι
1210 138 1288 174 m.
1617 121 1649 177 7

46 295 519 378 Auguriorum3
581 312 616 348 a
659 287 987 351 conditore
1036 311 1191 352 vero
1241 289 1438 352 Urbis
1477 294 1749 354 Romulo

47 385 133 442 ita
170 385 500 443 constituta
536 376 656 438 fuit
685 378 945 461 religio,
993 393 1064 439 ut
1107 400 1177 439 ea
1216 379 1505 442 militaris
1540 386 1743 444 virtus

47 472 268 556 populi
314 470 583 531 Romani
636 471 938 527 continuo
986 470 1332 547 niteretur3
1392 473 1504 553 qui
1555 474 1745 533 etiam

44 563 188 618 Jom’
234 559 465 619 Statori
510 556 813 640 templum
856 559 921 615 in
967 555 1107 617 soro
1151 561 1346 618 vovit.
1410 560 1745 644 Ampliora

45 647 298 709 demum
352 646 468 707 sub
520 647 734 704 Numa
780 648 1020 730 accepit
1051 645 1275 729 religio
1324 649 1745 726 incrementa,

43 739 157 820 qui
190 735 440 821 publica
469 734 657 794 Sacra
686 733 1162 818 sacerdotesque
1202 737 1501 814 instituit,
1548 740 1743 797 simu-

42 824 179 884 latis
219 846 364 884 cum
407 825 536 884 Dea
581 824 864 904 Aegeria
903 825 1227 884 nocturnis
1274 826 1743 911 congressibuS,

43 911 322 998 ejusdem
366 913 610 972 monitu
644 935 707 975 se
747 934 919 975 sacra
963 913 1377 998 publicosque
1409 915 1611 976 cultus
1649 919 1747 974 in-

42 1005 302 1064 stituere
341 1000 633 1062 dictitans
656 1048 671 1076 ‚
731 1000 898 1064 unde
935 1002 1240 1085 templum
1278 1004 1431 1063 Jam·
1463 1007 1748 1066 extruxit

43 1089 302 1174 ejusque
359 1089 568 1150 valvas
619 1094 828 1175 pacis,
895 1091 1179 1174 bellique
1226 1091 1462 1154 indices
1508 1094 1744 1153 clausit.

41 1182 260 1239 Ancus
291 1183 579 1240 Martius
617 1201 888 1241 summos
921 1179 1243 1264 religionis
1276 1183 1596 1243 ministros
1627 1185 1747 1240 Fe·-

43 1272 227 1326 ciales
267 1270 624 1340 constituit3
687 1291 843 1350 quos
884 1272 1071 1329 etiam
1103 1266 1248 1350 justi
1283 1269 1433 1331 belli
1475 1271 1750 1331 arbitros

42 1355 380 1416 ordinavit.
470 1359 829 1434 Tarqzcinas
892 1359 1207 1435 Superbus
1259 1359 1435 1419 Jovis
1492 1358 1748 1418 Latialis

41 1446 277 1505 Fanum
316 1448 383 1503 in
419 1443 672 1504 Albano
712 1459 927 1506 monte
958 1445 1262 1521 conditit‚
1334 1444 1518 1507 ferias
1570 1448 1748 1507 Lati-

39 1555 149 1594 nas
192 1535 496 1609 instituit,
560 1548 623 1595 et
666 1535 841 1594 Jovis
873 1534 1214 1618 Capitolini
1244 1534 1549 1619 templum
1572 1559 1606 1594 a
1639 1535 1771 1618 pa-'

40 1635 139 1683 tre
162 1619 520 1682 inchoatum
560 1625 904 1684 exstruxit:
950 1624 1132 1706 Ignes
1156 1637 1492 1708 perpetuos
1533 1623 1751 1684 obser-

42 1713 222 1783 vari,
267 1724 330 1772 et
361 1710 557 1770 libros
594 1711 935 1792 Sybillinos
953 1711 1192 1772 consuli
1218 1715 1584 1797 praecepit3
1631 1736 1750 1772 un-

40 1799 119 1860 de
153 1801 217 1859 in
259 1799 569 1881 ambiguis
605 1799 786 1861 bellis
819 1815 1195 1884 praeorante
1226 1800 1527 1863 Pontifice
1566 1803 1751 1863 etiam

42 1890 179 1948 Diis
224 1887 516 1948 Manibus
561 1910 625 1949 se
661 1887 982 1951 devovere
1033 1889 1200 1950 soliti
1241 1905 1424 1969 sunt3
1472 1913 1755 1975 quapro-

39 1991 184 2061 pter
235 1979 634 2039 temerariam
687 1980 1124 2040 Romanorum
1184 1978 1458 2056 bellandi
1502 1980 1752 2040 audaci-

43 2088 145 2125 am
187 2068 409 2125 mirari
448 2063 608 2125 haud
656 2087 1012 2149 possumus,
1079 2069 1192 2151 qui
1232 2068 1381 2129 alias
1431 2071 1620 2130 etiam
1660 2067 1757 2129 se-

44 2174 221 2214 roces
266 2168 328 2215 et
373 2152 449 2213 ad
493 2154 658 2216 bella
701 2157 925 2239 proni,
986 2155 1132 2242 justi
1179 2171 1387 2218 tamen
1441 2173 1505 2219 et
1541 2159 1755 2240 legum

44 2244 394 2325 patriarum
410 2258 684 2306 amantes
704 2247 1098 2320 exstiterunt,
1119 2260 1540 2330 mutuamque
1573 2268 1746 2305 amo-

47 2353 183 2390 rem
238 2352 316 2389 ex
366 2334 651 2392 instituto
709 2334 1136 2394 Patronorum
1188 2346 1251 2395 et
1305 2335 1605 2398 clientum
1647 2335 1759 2393 ali-
1810 2385 1813 2387 .

48 2417 353 2501 quamdiu
408 2418 753 2480 coluerunt.
801 2422 1195 2483 Matrimonii
1237 2423 1403 2506 leges
1450 2425 1760 2485 sanctissi-

50 2529 152 2567 me
204 2507 661 2584 observarunt3
751 2512 816 2568 vi
877 2509 1052 2593 cujus
1112 2514 1426 2574 sanciente
1494 2516 1759 2572 Romulo

51 2597 313 2656 maritus
361 2594 618 2679 quidem
660 2594 981 2659 dimittere
1020 2602 1228 2683 potuit
1261 2623 1565 2676 uxorem,
1630 2621 1759 2658 non

54 2707 213 2745 vero
263 2686 449 2744 uxori
493 2706 572 2744 ex
635 2705 1012 2768 quacunque
1073 2708 1255 2747 causa
1310 2686 1635 2750 discedere
1681 2687 1757 2745 li·-

55 2776 204 2832 cuit.
253 2775 516 2834 Paterna
552 2777 886 2834 auctoritas
927 2777 993 2833 in
1033 2796 1172 2835 suos
1209 2789 1385 2836 natos
1423 2779 1605 2836 initio
1641 2774 1762 2834 fuit

59 2862 244 2945 plane
275 2864 467 2921 nimia
493 2908 507 2936 ,
557 2864 703 2943 quia
740 2875 917 2946 pater
952 2865 1158 2945 potuit
1187 2862 1384 2924 filium
1430 2886 1613 2925 suum
1663 2878 1761 2938 ter

61 2949 340 3014 vendere
373 2965 481 3015 aut
513 2949 836 3028 occidere,
905 2954 1031 3012 imo
1067 2950 1366 3019 infantem
1410 2955 1476 3017 iu
1509 2962 1767 3038 conspe*

1569 3055 1676 3105 (ἴω
