2097 3726
317 231 485 295 »zssffij
809 227 949 282 lli
995 239 1024 282 s
1070 236 1096 281 t
1143 250 1177 281 ο
1226 247 1259 282 r
1304 246 1323 280 ι
1372 246 1413 280 (ι

270 411 358 467 eis
403 403 780 486 composita,
854 404 953 461 40.
1014 399 1209 460 millia
1255 397 1651 471 Gothorum,
1722 419 1967 482 semper

269 495 343 554 ad
407 490 711 552 tuendum
767 491 1111 573 Imperium
1169 503 1426 571 parata,
1527 500 1590 546 et
1659 489 1720 545 in
1781 488 1968 545 armis

273 583 611 643 exercitata
662 578 893 638 habere
936 577 1111 660 jussit
1131 601 1153 655 3>
1208 580 1289 658 a)
1352 574 1523 659 quod
1571 575 1800 634 factum
1846 577 1968 633 Po—

269 672 465 730 litices
523 670 743 752 periti,
808 669 964 726 vitio
1023 664 1228 727 eidem
1293 676 1638 725 verterunt.
1733 667 1967 723 Valens

271 761 461 820 etiam
504 758 660 840 Imp.
704 759 768 816 in
803 757 1048 815 oriente
1087 779 1123 813 a
1163 752 1414 827 Gothis,
1481 775 1640 835 quos
1677 775 1774 810 an.
1818 754 1961 829 576.

272 850 338 907 in
378 845 679 905 Thraciae
718 844 944 904 limites
987 855 1340 926 receperat,
1391 841 1472 919 b)
1518 840 1716 900 multa
1760 861 1971 924 passus

273 949 406 1007 est3
454 956 612 1017 quos
650 948 855 993 tamen
905 935 1279 990 Theodosius
1321 932 1405 997 M,
1443 933 1507 988 in
1545 928 1828 989 ordinem
1872 951 1973 987 re-

273 1024 525 1107 digens,
571 1024 645 1103 c)
693 1042 911 1082 eorum
958 1042 1172 1104 regem
1217 1019 1690 1077 Athanaricum
1734 1042 1781 1075 a.
1832 1018 1975 1075 585.

274 1111 605 1196 magnifico
657 1110 881 1169 sunere
914 1106 1288 1182 honoravit3
1354 1121 1496 1190 post
1543 1106 1719 1189 cujus
1760 1106 1978 1163 interi-

277 1215 413 1261 tum
456 1201 621 1260 Gens
661 1195 924 1257 Gotliiea
974 1198 1167 1255 var-iis
1207 1194 1689 1269 mutationibus,
1737 1194 1981 1252 multis-

274 1311 401 1373 que
449 1284 959 1373 expeditionibus
1003 1283 1169 1343 clara
1209 1285 1437 1357 evasit,
1482 1280 1588 1344 sed
1637 1297 1777 1366 post
1823 1280 1981 1340 mul-

277 1395 488 1439 tarum
558 1378 889 1458 regionum
947 1370 1116 1432 diras
1174 1370 1626 1431 devastationes
1685 1370 1934 1430 subacta
1965 1414 1979 1442 ,

279 1468 358 1545 cl)
409 1480 733 1547 utcunque
790 1464 1072 1545 quievit,
1135 1463 1410 1544 exceptis
1445 1458 1807 1532 obsidibuS,
1869 1460 1977 1540 qui

279 1579 396 1641 per
456 1555 707 1625 Asiam,
791 1550 1201 1610 rebellionem
1263 1546 1642 1608 ‘concitantes
1692 1546 1980 1606 trucidati

282 1656 478 1704 erant.
546 1644 625 1717 e)
673 1640 788 1698 Ast
843 1636 1035 1697 Gothi
1083 1659 1408 1720 nunquam
1456 1637 1823 1697 illustriores
1878 1658 1985 1694 ex—

284 1734 588 1802 titerunt,
648 1749 840 1809 quam
901 1724 980 1784 ad
1036 1724 1226 1785 finem
1285 1725 1472 1787 seculi
1528 1726 1779 1807 quarti,
1855 1745 1984 1806 quo

284 1837 568 1903 tempore
624 1812 1073 1873 dividebantur
1117 1815 1182 1872 in
1238 1817 1349 1873 Ost
1409 1836 1518 1889 seu
1566 1816 1628 1872 in
1685 1816 1988 1888 Ostrogo-

286 1912 427 1968 tltos
468 1904 528 1964 id
575 1918 665 1964 est
721 1905 1077 1962 Orientale-s·
1097 1924 1125 1973 ;
1183 1913 1248 1960 et
1291 1904 1352 1962 in
1401 1905 1590 1975 F'est,
1655 1922 1763 1959 seu
1818 1902 1989 1957 Visi-

279 1999 510 2075 gotlzos
559 1992 620 2053 id
665 2006 756 2052 est
805 1993 1271 2064 occidentale-5,
1320 1988 1432 2072 qui
1479 1987 1556 2047 ad
1596 1990 1846 2046 initium
1890 2010 1987 2047 se·-

287 2085 417 2145 culi
483 2083 691 2165 quinti
767 2077 1188 2161 potentissima
1264 2100 1457 2158 regna
1528 2075 1981 2149 condiderunt,

290 2188 356 2235 et
405 2169 662 2256 quidem
721 2168 1180 2245 Visigotlzicmn
1235 2168 1527 2247 Regnum
1567 2167 1628 2224 in
1678 2163 1878 2223 Gallia
1929 2177 1991 2224 et

297 2261 635 2344 Hispania,
721 2270 856 2317 erat
908 2253 1225 2313 conditum
1269 2253 1425 2313 duce
1481 2255 1816 2325 Alarico„
1877 2253 1989 2334 qui

292 2351 439 2410 licet
492 2348 672 2406 initio
717 2343 1163 2429 repelleretur,
1209 2340 1298 2419 f)
1339 2357 1544 2402 tamen
1592 2366 1642 2400 a.
1689 2343 1832 2423 409.
1885 2363 1986 2401 re—

294 2457 550 2510 versuS,
610 2435 875 2493 Romam
925 2429 1033 2491 diu
1084 2429 1411 2503 obsidem,
1485 2428 1729 2491 tandem
1777 2429 1988 2513 cepit,

1674 2517 1904 2578 Roma-

363 2702 440 2763 α)
481 2694 680 2748 Euseb.
720 2693 773 2745 in
804 2694 916 2745 vita
958 2692 1302 2748 Constantio.
1332 2691 1407 2744 M.
1456 2692 1518 2744 L.
1553 2688 1606 2742 3.
1659 2710 1705 2742 c.
1739 2688 1824 2745 28.
1872 2707 1986 2758 seq.

439 2767 610 2837 Epist.
661 2765 846 2815 const.
899 2762 968 2815 ad
1019 2764 1368 2816 Maccarium.
1443 2759 1514 2830 b)
1565 2761 1773 2815 Zosim.
1827 2760 1889 2814 L.
1938 2763 1988 2813 4.

436 2838 584 2889 Paul.
617 2836 770 2890 Diae.
810 2834 871 2886 L.
916 2832 996 2886 11.
1064 2845 1132 2904 c)
1186 2832 1350 2887 idem.
1390 2830 1523 2885 ibid.
1564 2830 1767 2882 Zosim.
1820 2830 1888 2884 L.
1934 2831 1986 2882 4.

435 2908 513 2977 d)
567 2908 633 2958 (le
684 2904 978 2957 Obsidibus
1028 2902 1259 2956 Gotfior.
1315 2920 1403 2971 ap.
1449 2900 1654 2955 Zosim.
1701 2899 1762 2952 L.
1813 2900 1864 2953 4.
1918 2901 1987 2971 e)

441 2979 609 3032 idem.
633 2974 766 3031 ibid.
790 2973 875 3046 s)
914 2975 1120 3030 Zosim.
1151 2976 1211 3025 L.
1246 2972 1294 3023 5.
1315 2989 1433 3041 seq.
1454 2969 1697 3021 ,lm-nand
1727 2969 1792 3019 de
1825 2971 1986 3021 Goth.

437 3070 485 3102 c.
519 3048 606 3168 295¹
650 3044 962 3171 seq.1‘1³aul.
996 3046 1145 3098 Diae.
1184 3046 1246 3098 L.
1295 3040 1377 3095 13.
1415 3040 1690 3112 Sigonius,
1736 3040 1801 3091 de
1847 3041 1983 3111 hnp.

438 3119 570 3171 Occi
611 3155 625 3170 .
665 3118 726 3167 L.
797 3117 846 3169 l.
