<?xml version="1.0" encoding="UTF-8"?>
<!DOCTYPE html PUBLIC "-//W3C//DTD XHTML 1.0 Transitional//EN"
    "http://www.w3.org/TR/xhtml1/DTD/xhtml1-transitional.dtd">
<html xmlns="http://www.w3.org/1999/xhtml" xml:lang="en" lang="en">
 <head>
  <title>
</title>
<meta http-equiv="Content-Type" content="text/html;charset=utf-8" />
  <meta name='ocr-system' content='tesseract 3.04.00' />
  <meta name='ocr-capabilities' content='ocr_page ocr_carea ocr_par ocr_line ocrx_word'/>
</head>
<body>
  <div class='ocr_page' id='page_1' title='image "./historiauniversa02nagy_0382.png"; bbox 0 0 2097 3726; ppageno 0'>
   <div class='ocr_carea' id='block_1_1' title="bbox 366 152 1433 234">
    <p class='ocr_par' dir='ltr' id='par_1_1' title="bbox 366 152 1433 234">
     <span class='ocr_line' id='line_1_1' title="bbox 366 152 1433 234; baseline 0 -21"><span class='ocrx_word' id='word_1_1' title='bbox 366 152 484 213; x_wconf 77' lang='lat'>562</span> <span class='ocrx_word' id='word_1_2' title='bbox 832 161 1127 215; x_wconf 67' lang='grc' dir='ltr'><em>Ηὶείονια</em></span> <span class='ocrx_word' id='word_1_3' title='bbox 1175 160 1433 234; x_wconf 72' lang='lat' dir='ltr'>Imperii</span> 
     </span>
    </p>
   </div>
   <div class='ocr_carea' id='block_1_2' title="bbox 259 330 1973 3044">
    <p class='ocr_par' dir='ltr' id='par_1_2' title="bbox 259 330 1973 3044">
     <span class='ocr_line' id='line_1_2' title="bbox 277 330 1969 415; baseline -0.002 -23"><span class='ocrx_word' id='word_1_4' title='bbox 277 333 543 392; x_wconf 86' lang='lat' dir='ltr'>Romani</span> <span class='ocrx_word' id='word_1_5' title='bbox 591 334 844 415; x_wconf 82' lang='lat' dir='ltr'>Imperii</span> <span class='ocrx_word' id='word_1_6' title='bbox 887 355 1014 394; x_wconf 88' lang='lat' dir='ltr'>uno</span> <span class='ocrx_word' id='word_1_7' title='bbox 1063 336 1248 394; x_wconf 89' lang='lat' dir='ltr'>totius</span> <span class='ocrx_word' id='word_1_8' title='bbox 1297 332 1469 394; x_wconf 83' lang='lat' dir='ltr'>orbis</span> <span class='ocrx_word' id='word_1_9' title='bbox 1519 332 1817 415; x_wconf 85' lang='lat' dir='ltr'>primario</span> <span class='ocrx_word' id='word_1_10' title='bbox 1859 330 1969 389; x_wconf 72' lang='lat' dir='ltr'>Sa·-</span> 
     </span>
     <span class='ocr_line' id='line_1_3' title="bbox 276 420 1972 505; baseline -0.001 -27"><span class='ocrx_word' id='word_1_11' title='bbox 276 420 554 480; x_wconf 91' lang='lat' dir='ltr'>cerdote:</span> <span class='ocrx_word' id='word_1_12' title='bbox 604 441 783 479; x_wconf 87' lang='lat' dir='ltr'>more</span> <span class='ocrx_word' id='word_1_13' title='bbox 834 436 1085 504; x_wconf 83' lang='lat' dir='ltr'>accepto</span> <span class='ocrx_word' id='word_1_14' title='bbox 1140 422 1217 480; x_wconf 87' lang='lat' dir='ltr'>ab</span> <span class='ocrx_word' id='word_1_15' title='bbox 1281 420 1775 505; x_wconf 87' lang='lat' dir='ltr'>Imperatoribus</span> <span class='ocrx_word' id='word_1_16' title='bbox 1842 420 1972 478; x_wconf 77' lang='lat' dir='ltr'>ori-</span> 
     </span>
     <span class='ocr_line' id='line_1_4' title="bbox 269 506 1963 591; baseline -0.001 -23"><span class='ocrx_word' id='word_1_17' title='bbox 269 507 613 580; x_wconf 83' lang='lat' dir='ltr'>entalibuS,</span> <span class='ocrx_word' id='word_1_18' title='bbox 661 511 809 590; x_wconf 87' lang='lat' dir='ltr'>quia</span> <span class='ocrx_word' id='word_1_19' title='bbox 855 506 890 568; x_wconf 82' lang='lat' dir='ltr'>a</span> <span class='ocrx_word' id='word_1_20' title='bbox 935 508 1310 570; x_wconf 86' lang='lat' dir='ltr'>Patriarchis</span> <span class='ocrx_word' id='word_1_21' title='bbox 1379 506 1963 591; x_wconf 86' lang='lat' dir='ltr'>Constantinopoli-—</span> 
     </span>
     <span class='ocr_line' id='line_1_5' title="bbox 266 595 1965 682; baseline 0 -27"><span class='ocrx_word' id='word_1_22' title='bbox 266 599 424 656; x_wconf 86' lang='lat' dir='ltr'>tanis</span> <span class='ocrx_word' id='word_1_23' title='bbox 473 598 789 679; x_wconf 87' lang='lat' dir='ltr'>primariis</span> <span class='ocrx_word' id='word_1_24' title='bbox 836 598 1197 658; x_wconf 87' lang='lat' dir='ltr'>Graecanici</span> <span class='ocrx_word' id='word_1_25' title='bbox 1242 600 1497 682; x_wconf 85' lang='lat' dir='ltr'>Imperii</span> <span class='ocrx_word' id='word_1_26' title='bbox 1552 595 1965 657; x_wconf 84' lang='lat' dir='ltr'>Pontificibus</span> 
     </span>
     <span class='ocr_line' id='line_1_6' title="bbox 265 684 1970 767; baseline 0 -24"><span class='ocrx_word' id='word_1_27' title='bbox 265 686 637 759; x_wconf 85' lang='lat' dir='ltr'>consecrati,</span> <span class='ocrx_word' id='word_1_28' title='bbox 686 707 917 746; x_wconf 82' lang='lat' dir='ltr'>corona</span> <span class='ocrx_word' id='word_1_29' title='bbox 967 685 1479 747; x_wconf 87' lang='lat' dir='ltr'>redimiebantur.</span> <span class='ocrx_word' id='word_1_30' title='bbox 1578 684 1756 747; x_wconf 86' lang='lat' dir='ltr'><strong>Unde</strong></span> <span class='ocrx_word' id='word_1_31' title='bbox 1801 696 1970 767; x_wconf 84' lang='lat' dir='ltr'>patet</span> 
     </span>
     <span class='ocr_line' id='line_1_7' title="bbox 263 769 1972 858; baseline -0.003 -22"><span class='ocrx_word' id='word_1_32' title='bbox 263 772 436 855; x_wconf 83' lang='lat' dir='ltr'>quod</span> <span class='ocrx_word' id='word_1_33' title='bbox 483 776 610 832; x_wconf 79' lang='lat' dir='ltr'>Leo</span> <span class='ocrx_word' id='word_1_34' title='bbox 650 775 779 831; x_wconf 87' lang='lat' dir='ltr'><em>III.</em></span> <span class='ocrx_word' id='word_1_35' title='bbox 829 774 1115 836; x_wconf 80' lang='lat' dir='ltr'><strong>Pontifex</strong></span> <span class='ocrx_word' id='word_1_36' title='bbox 1143 820 1158 849; x_wconf 91' lang='lat'>,</span> <span class='ocrx_word' id='word_1_37' title='bbox 1206 777 1585 858; x_wconf 86' lang='lat' dir='ltr'>Imperrium</span> <span class='ocrx_word' id='word_1_38' title='bbox 1621 769 1972 834; x_wconf 87' lang='lat' dir='ltr'>occidenta—</span> 
     </span>
     <span class='ocr_line' id='line_1_8' title="bbox 263 860 1972 933; baseline -0.002 -13"><span class='ocrx_word' id='word_1_39' title='bbox 263 861 326 922; x_wconf 91' lang='lat' dir='ltr'>le</span> <span class='ocrx_word' id='word_1_40' title='bbox 378 860 454 920; x_wconf 90' lang='lat' dir='ltr'>ad</span> <span class='ocrx_word' id='word_1_41' title='bbox 498 862 767 922; x_wconf 78' lang='lat' dir='ltr'>Francos</span> <span class='ocrx_word' id='word_1_42' title='bbox 810 885 916 924; x_wconf 92' lang='lat' dir='ltr'>seu</span> <span class='ocrx_word' id='word_1_43' title='bbox 954 865 1299 923; x_wconf 87' lang='lat' dir='ltr'>Germanos</span> <span class='ocrx_word' id='word_1_44' title='bbox 1335 862 1497 924; x_wconf 85' lang='lat' dir='ltr'>haud</span> <span class='ocrx_word' id='word_1_45' title='bbox 1549 860 1972 933; x_wconf 71' lang='lat' dir='ltr'>transtulerit,</span> 
     </span>
     <span class='ocr_line' id='line_1_9' title="bbox 259 948 1965 1035; baseline -0.002 -25"><span class='ocrx_word' id='word_1_46' title='bbox 259 951 425 1011; x_wconf 88' lang='lat' dir='ltr'>Nam</span> <span class='ocrx_word' id='word_1_47' title='bbox 462 972 647 1010; x_wconf 91' lang='lat' dir='ltr'>nemo</span> <span class='ocrx_word' id='word_1_48' title='bbox 693 949 758 1010; x_wconf 88' lang='lat' dir='ltr'>id.</span> <span class='ocrx_word' id='word_1_49' title='bbox 805 951 983 1012; x_wconf 83' lang='lat' dir='ltr'>alteri</span> <span class='ocrx_word' id='word_1_50' title='bbox 1034 950 1323 1013; x_wconf 89' lang='lat' dir='ltr'>conferre</span> <span class='ocrx_word' id='word_1_51' title='bbox 1372 966 1574 1035; x_wconf 89' lang='lat' dir='ltr'>potest</span> <span class='ocrx_word' id='word_1_52' title='bbox 1632 948 1800 1034; x_wconf 86' lang='lat' dir='ltr'>quod</span> <span class='ocrx_word' id='word_1_53' title='bbox 1835 970 1965 1007; x_wconf 89' lang='lat' dir='ltr'>non</span> 
     </span>
     <span class='ocr_line' id='line_1_10' title="bbox 264 1035 1973 1112; baseline -0.002 -15"><span class='ocrx_word' id='word_1_54' title='bbox 264 1035 491 1112; x_wconf 79' lang='lat' dir='ltr'>habet3</span> <span class='ocrx_word' id='word_1_55' title='bbox 538 1037 764 1101; x_wconf 88' lang='lat' dir='ltr'>deinde</span> <span class='ocrx_word' id='word_1_56' title='bbox 830 1039 1211 1099; x_wconf 84' lang='lat' dir='ltr'>advertenda</span> <span class='ocrx_word' id='word_1_57' title='bbox 1277 1055 1368 1100; x_wconf 90' lang='lat' dir='ltr'>est</span> <span class='ocrx_word' id='word_1_58' title='bbox 1425 1040 1750 1101; x_wconf 85' lang='lat' dir='ltr'>distinctio</span> <span class='ocrx_word' id='word_1_59' title='bbox 1807 1039 1973 1096; x_wconf 83' lang='lat' dir='ltr'>inter</span> 
     </span>
     <span class='ocr_line' id='line_1_11' title="bbox 269 1127 1967 1211; baseline -0.003 -23"><span class='ocrx_word' id='word_1_60' title='bbox 269 1129 788 1189; x_wconf 86' lang='lat' dir='ltr'>Constitutionem</span> <span class='ocrx_word' id='word_1_61' title='bbox 845 1141 906 1190; x_wconf 89' lang='lat' dir='ltr'>et</span> <span class='ocrx_word' id='word_1_62' title='bbox 945 1130 1489 1210; x_wconf 78' lang='lat' dir='ltr'>inaugurationem</span> <span class='ocrx_word' id='word_1_63' title='bbox 1531 1127 1967 1211; x_wconf 87' lang='lat' dir='ltr'>Imperatoris,</span> 
     </span>
     <span class='ocr_line' id='line_1_12' title="bbox 270 1217 1970 1301; baseline -0.002 -27"><span class='ocrx_word' id='word_1_64' title='bbox 270 1219 418 1299; x_wconf 84' lang='lat' dir='ltr'>quia</span> <span class='ocrx_word' id='word_1_65' title='bbox 476 1219 676 1276; x_wconf 87' lang='lat' dir='ltr'>omnis</span> <span class='ocrx_word' id='word_1_66' title='bbox 739 1219 1092 1301; x_wconf 82' lang='lat' dir='ltr'>Imperator</span> <span class='ocrx_word' id='word_1_67' title='bbox 1150 1217 1250 1276; x_wconf 85' lang='lat' dir='ltr'>vel</span> <span class='ocrx_word' id='word_1_68' title='bbox 1304 1240 1418 1299; x_wconf 86' lang='lat' dir='ltr'>per</span> <span class='ocrx_word' id='word_1_69' title='bbox 1476 1219 1970 1288; x_wconf 80' lang='lat' dir='ltr'>successionem,</span> 
     </span>
     <span class='ocr_line' id='line_1_13' title="bbox 272 1305 1972 1389; baseline -0.004 -23"><span class='ocrx_word' id='word_1_70' title='bbox 272 1305 367 1366; x_wconf 88' lang='lat' dir='ltr'>vel</span> <span class='ocrx_word' id='word_1_71' title='bbox 414 1328 527 1389; x_wconf 86' lang='lat' dir='ltr'>per</span> <span class='ocrx_word' id='word_1_72' title='bbox 573 1306 938 1366; x_wconf 76' lang='lat' dir='ltr'>electionem</span> <span class='ocrx_word' id='word_1_73' title='bbox 974 1307 1411 1378; x_wconf 83' lang='lat' dir='ltr'>constituitur,</span> <span class='ocrx_word' id='word_1_74' title='bbox 1461 1321 1523 1366; x_wconf 91' lang='lat' dir='ltr'>et</span> <span class='ocrx_word' id='word_1_75' title='bbox 1570 1305 1774 1364; x_wconf 85' lang='lat' dir='ltr'>taliter</span> <span class='ocrx_word' id='word_1_76' title='bbox 1820 1323 1972 1361; x_wconf 90' lang='lat' dir='ltr'>con-</span> 
     </span>
     <span class='ocr_line' id='line_1_14' title="bbox 266 1392 1961 1477; baseline -0.002 -23"><span class='ocrx_word' id='word_1_77' title='bbox 266 1397 554 1466; x_wconf 81' lang='lat' dir='ltr'>stitutUS,</span> <span class='ocrx_word' id='word_1_78' title='bbox 602 1417 716 1477; x_wconf 82' lang='lat' dir='ltr'>per</span> <span class='ocrx_word' id='word_1_79' title='bbox 762 1394 1080 1456; x_wconf 89' lang='lat' dir='ltr'>solennem</span> <span class='ocrx_word' id='word_1_80' title='bbox 1128 1397 1598 1454; x_wconf 87' lang='lat' dir='ltr'>coronationem</span> <span class='ocrx_word' id='word_1_81' title='bbox 1661 1415 1787 1452; x_wconf 89' lang='lat' dir='ltr'>non</span> <span class='ocrx_word' id='word_1_82' title='bbox 1843 1392 1961 1450; x_wconf 84' lang='lat' dir='ltr'>nisi</span> 
     </span>
     <span class='ocr_line' id='line_1_15' title="bbox 266 1480 1954 1568; baseline -0.002 -27"><span class='ocrx_word' id='word_1_83' title='bbox 266 1482 516 1565; x_wconf 87' lang='lat' dir='ltr'>publice</span> <span class='ocrx_word' id='word_1_84' title='bbox 562 1506 679 1564; x_wconf 82' lang='lat' dir='ltr'>pro</span> <span class='ocrx_word' id='word_1_85' title='bbox 733 1483 839 1541; x_wconf 89' lang='lat' dir='ltr'>tali</span> <span class='ocrx_word' id='word_1_86' title='bbox 880 1506 1070 1559; x_wconf 87' lang='lat' dir='ltr'>verO,</span> <span class='ocrx_word' id='word_1_87' title='bbox 1131 1497 1192 1543; x_wconf 90' lang='lat' dir='ltr'>et</span> <span class='ocrx_word' id='word_1_88' title='bbox 1238 1481 1514 1568; x_wconf 79' lang='lat' dir='ltr'>legitimo</span> <span class='ocrx_word' id='word_1_89' title='bbox 1564 1480 1954 1552; x_wconf 83' lang='lat' dir='ltr'>declaratur,</span> 
     </span>
     <span class='ocr_line' id='line_1_16' title="bbox 263 1568 1961 1656; baseline -0.002 -29"><span class='ocrx_word' id='word_1_90' title='bbox 263 1584 334 1628; x_wconf 86' lang='lat' dir='ltr'>ut</span> <span class='ocrx_word' id='word_1_91' title='bbox 381 1568 509 1651; x_wconf 86' lang='lat' dir='ltr'>ejus</span> <span class='ocrx_word' id='word_1_92' title='bbox 561 1571 808 1631; x_wconf 85' lang='lat' dir='ltr'>realitas</span> <span class='ocrx_word' id='word_1_93' title='bbox 857 1575 921 1630; x_wconf 87' lang='lat' dir='ltr'>in</span> <span class='ocrx_word' id='word_1_94' title='bbox 967 1573 1250 1631; x_wconf 90' lang='lat' dir='ltr'>omnium</span> <span class='ocrx_word' id='word_1_95' title='bbox 1291 1573 1616 1656; x_wconf 88' lang='lat' dir='ltr'>perveniat</span> <span class='ocrx_word' id='word_1_96' title='bbox 1657 1570 1961 1628; x_wconf 86' lang='lat' dir='ltr'>notitiam.</span> 
     </span>
     <span class='ocr_line' id='line_1_17' title="bbox 273 1657 1967 1740; baseline -0.004 -23"><span class='ocrx_word' id='word_1_97' title='bbox 273 1657 457 1718; x_wconf 87' lang='lat' dir='ltr'>Unde</span> <span class='ocrx_word' id='word_1_98' title='bbox 504 1663 786 1740; x_wconf 87' lang='lat' dir='ltr'>sequitur</span> <span class='ocrx_word' id='word_1_99' title='bbox 827 1660 1188 1720; x_wconf 85' lang='lat' dir='ltr'>Pontificem</span> <span class='ocrx_word' id='word_1_100' title='bbox 1232 1683 1357 1720; x_wconf 89' lang='lat' dir='ltr'>non</span> <span class='ocrx_word' id='word_1_101' title='bbox 1389 1659 1574 1720; x_wconf 89' lang='lat' dir='ltr'>fuisse</span> <span class='ocrx_word' id='word_1_102' title='bbox 1621 1660 1967 1716; x_wconf 75' lang='lat' dir='ltr'>Dominam</span> 
     </span>
     <span class='ocr_line' id='line_1_18' title="bbox 270 1746 1968 1829; baseline -0.002 -24"><span class='ocrx_word' id='word_1_103' title='bbox 270 1746 529 1829; x_wconf 90' lang='lat' dir='ltr'>Imperii</span> <span class='ocrx_word' id='word_1_104' title='bbox 572 1749 881 1822; x_wconf 85' lang='lat' dir='ltr'>Romani,</span> <span class='ocrx_word' id='word_1_105' title='bbox 928 1747 1034 1808; x_wconf 87' lang='lat' dir='ltr'>sed</span> <span class='ocrx_word' id='word_1_106' title='bbox 1079 1761 1320 1807; x_wconf 89' lang='lat' dir='ltr'>tantum</span> <span class='ocrx_word' id='word_1_107' title='bbox 1376 1752 1751 1807; x_wconf 63' lang='lat' dir='ltr'>Ministram</span> <span class='ocrx_word' id='word_1_108' title='bbox 1784 1765 1968 1804; x_wconf 88' lang='lat' dir='ltr'>coro-</span> 
     </span>
     <span class='ocr_line' id='line_1_19' title="bbox 268 1834 1961 1916; baseline 0 -24"><span class='ocrx_word' id='word_1_109' title='bbox 268 1836 578 1911; x_wconf 78' lang='lat' dir='ltr'>nationi83</span> <span class='ocrx_word' id='word_1_110' title='bbox 615 1838 714 1893; x_wconf 92' lang='lat' dir='ltr'>cui</span> <span class='ocrx_word' id='word_1_111' title='bbox 756 1834 877 1916; x_wconf 85' lang='lat' dir='ltr'>jam</span> <span class='ocrx_word' id='word_1_112' title='bbox 923 1835 1159 1894; x_wconf 89' lang='lat' dir='ltr'>dudum</span> <span class='ocrx_word' id='word_1_113' title='bbox 1200 1835 1487 1895; x_wconf 75' lang='lat' dir='ltr'>Pontifex</span> <span class='ocrx_word' id='word_1_114' title='bbox 1527 1857 1736 1894; x_wconf 87' lang='lat' dir='ltr'>ansam</span> <span class='ocrx_word' id='word_1_115' title='bbox 1781 1854 1961 1915; x_wconf 86' lang='lat' dir='ltr'>prae-</span> 
     </span>
     <span class='ocr_line' id='line_1_20' title="bbox 267 1920 1966 2006; baseline -0.001 -25"><span class='ocrx_word' id='word_1_116' title='bbox 267 1920 509 1982; x_wconf 85' lang='lat' dir='ltr'>buerat.</span> <span class='ocrx_word' id='word_1_117' title='bbox 599 1923 772 1984; x_wconf 88' lang='lat' dir='ltr'>Haec</span> <span class='ocrx_word' id='word_1_118' title='bbox 812 1923 1070 2005; x_wconf 85' lang='lat' dir='ltr'>Imperii</span> <span class='ocrx_word' id='word_1_119' title='bbox 1118 1922 1403 2005; x_wconf 87' lang='lat' dir='ltr'>Majestas</span> <span class='ocrx_word' id='word_1_120' title='bbox 1444 1922 1582 2006; x_wconf 87' lang='lat' dir='ltr'>jure</span> <span class='ocrx_word' id='word_1_121' title='bbox 1635 1923 1966 1982; x_wconf 89' lang='lat' dir='ltr'>successio-</span> 
     </span>
     <span class='ocr_line' id='line_1_21' title="bbox 263 2011 1963 2095; baseline -0.002 -26"><span class='ocrx_word' id='word_1_122' title='bbox 263 2014 360 2070; x_wconf 85' lang='lat' dir='ltr'>nis</span> <span class='ocrx_word' id='word_1_123' title='bbox 407 2013 632 2070; x_wconf 88' lang='lat' dir='ltr'>mansit</span> <span class='ocrx_word' id='word_1_124' title='bbox 672 2014 733 2071; x_wconf 86' lang='lat' dir='ltr'>in</span> <span class='ocrx_word' id='word_1_125' title='bbox 779 2014 972 2095; x_wconf 85' lang='lat' dir='ltr'>stirpe</span> <span class='ocrx_word' id='word_1_126' title='bbox 1040 2015 1334 2071; x_wconf 70' lang='lat' dir='ltr'>Carolincz</span> <span class='ocrx_word' id='word_1_127' title='bbox 1382 2011 1519 2070; x_wconf 81' lang='lat'><strong>106.</strong></span> <span class='ocrx_word' id='word_1_128' title='bbox 1569 2014 1782 2070; x_wconf 87' lang='lat' dir='ltr'>annis:</span> <span class='ocrx_word' id='word_1_129' title='bbox 1837 2031 1963 2091; x_wconf 86' lang='lat' dir='ltr'>qua</span> 
     </span>
     <span class='ocr_line' id='line_1_22' title="bbox 274 2097 1969 2182; baseline -0.001 -26"><span class='ocrx_word' id='word_1_130' title='bbox 274 2097 599 2160; x_wconf 84' lang='lat' dir='ltr'>deficiente</span> <span class='ocrx_word' id='word_1_131' title='bbox 633 2100 998 2160; x_wconf 87' lang='lat' dir='ltr'>translatum</span> <span class='ocrx_word' id='word_1_132' title='bbox 1035 2114 1126 2161; x_wconf 90' lang='lat' dir='ltr'>est</span> <span class='ocrx_word' id='word_1_133' title='bbox 1151 2102 1485 2182; x_wconf 89' lang='lat' dir='ltr'>imperium</span> <span class='ocrx_word' id='word_1_134' title='bbox 1507 2099 1584 2159; x_wconf 85' lang='lat' dir='ltr'>ad</span> <span class='ocrx_word' id='word_1_135' title='bbox 1620 2103 1969 2158; x_wconf 75' lang='lat' dir='ltr'>Com-cedam</span> 
     </span>
     <span class='ocr_line' id='line_1_23' title="bbox 268 2186 1967 2272; baseline -0.001 -26"><span class='ocrx_word' id='word_1_136' title='bbox 268 2187 652 2249; x_wconf 85' lang='lat' dir='ltr'>Franconiae</span> <span class='ocrx_word' id='word_1_137' title='bbox 706 2187 925 2248; x_wconf 86' lang='lat' dir='ltr'>ducem</span> <span class='ocrx_word' id='word_1_138' title='bbox 979 2211 1168 2272; x_wconf 84' lang='lat' dir='ltr'>quem</span> <span class='ocrx_word' id='word_1_139' title='bbox 1207 2210 1284 2247; x_wconf 79' lang='lat' dir='ltr'>ex</span> <span class='ocrx_word' id='word_1_140' title='bbox 1340 2186 1593 2262; x_wconf 88' lang='lat' dir='ltr'>eadem,</span> <span class='ocrx_word' id='word_1_141' title='bbox 1651 2210 1775 2272; x_wconf 84' lang='lat' dir='ltr'>qua</span> <span class='ocrx_word' id='word_1_142' title='bbox 1830 2190 1967 2245; x_wconf 78' lang='lat' dir='ltr'>Lu-</span> 
     </span>
     <span class='ocr_line' id='line_1_24' title="bbox 268 2275 1964 2360; baseline -0.002 -25"><span class='ocrx_word' id='word_1_143' title='bbox 268 2279 514 2336; x_wconf 75' lang='lat' dir='ltr'>dovicas</span> <span class='ocrx_word' id='word_1_144' title='bbox 549 2279 669 2334; x_wconf 88' lang='lat' dir='ltr'>IV.</span> <span class='ocrx_word' id='word_1_145' title='bbox 717 2278 873 2360; x_wconf 88' lang='lat' dir='ltr'>Imp.</span> <span class='ocrx_word' id='word_1_146' title='bbox 921 2291 1120 2338; x_wconf 90' lang='lat' dir='ltr'>matre</span> <span class='ocrx_word' id='word_1_147' title='bbox 1157 2290 1370 2354; x_wconf 83' lang='lat' dir='ltr'>natum</span> <span class='ocrx_word' id='word_1_148' title='bbox 1409 2275 1661 2358; x_wconf 84' lang='lat' dir='ltr'>quidam</span> <span class='ocrx_word' id='word_1_149' title='bbox 1704 2289 1964 2336; x_wconf 87' lang='lat' dir='ltr'>conten-</span> 
     </span>
     <span class='ocr_line' id='line_1_25' title="bbox 268 2364 1964 2448; baseline -0.002 -25"><span class='ocrx_word' id='word_1_150' title='bbox 268 2364 455 2440; x_wconf 84' lang='lat' dir='ltr'>dunt,</span> <span class='ocrx_word' id='word_1_151' title='bbox 507 2364 610 2424; x_wconf 90' lang='lat' dir='ltr'>alii</span> <span class='ocrx_word' id='word_1_152' title='bbox 659 2386 804 2425; x_wconf 88' lang='lat' dir='ltr'>rero</span> <span class='ocrx_word' id='word_1_153' title='bbox 851 2380 1119 2447; x_wconf 79' lang='lat' dir='ltr'>negant,</span> <span class='ocrx_word' id='word_1_154' title='bbox 1167 2377 1504 2426; x_wconf 87' lang='lat' dir='ltr'>asserentes</span> <span class='ocrx_word' id='word_1_155' title='bbox 1549 2367 1811 2448; x_wconf 87' lang='lat' dir='ltr'>stirpem</span> <span class='ocrx_word' id='word_1_156' title='bbox 1847 2364 1964 2422; x_wconf 91' lang='lat' dir='ltr'>Ca-</span> 
     </span>
     <span class='ocr_line' id='line_1_26' title="bbox 267 2451 1963 2536; baseline 0 -24"><span class='ocrx_word' id='word_1_157' title='bbox 267 2452 632 2535; x_wconf 78' lang='lat' dir='ltr'>rolingicam</span> <span class='ocrx_word' id='word_1_158' title='bbox 687 2451 809 2536; x_wconf 86' lang='lat' dir='ltr'>jam</span> <span class='ocrx_word' id='word_1_159' title='bbox 849 2454 912 2511; x_wconf 91' lang='lat' dir='ltr'>in</span> <span class='ocrx_word' id='word_1_160' title='bbox 964 2457 1281 2513; x_wconf 77' lang='lat' dir='ltr'>Ladovico</span> <span class='ocrx_word' id='word_1_161' title='bbox 1320 2456 1441 2512; x_wconf 91' lang='lat' dir='ltr'>IV.</span> <span class='ocrx_word' id='word_1_162' title='bbox 1491 2451 1798 2513; x_wconf 88' lang='lat' dir='ltr'>defecisse.</span> <span class='ocrx_word' id='word_1_163' title='bbox 1844 2452 1963 2512; x_wconf 93' lang='lat' dir='ltr'>Ce-</span> 
     </span>
     <span class='ocr_line' id='line_1_27' title="bbox 271 2543 1963 2625; baseline -0.002 -25"><span class='ocrx_word' id='word_1_164' title='bbox 271 2555 478 2601; x_wconf 88' lang='lat' dir='ltr'>terum</span> <span class='ocrx_word' id='word_1_165' title='bbox 548 2544 901 2601; x_wconf 74' lang='lat' dir='ltr'>Conraclam</span> <span class='ocrx_word' id='word_1_166' title='bbox 960 2557 1260 2625; x_wconf 87' lang='lat' dir='ltr'>sequutus</span> <span class='ocrx_word' id='word_1_167' title='bbox 1317 2555 1408 2603; x_wconf 92' lang='lat' dir='ltr'>est</span> <span class='ocrx_word' id='word_1_168' title='bbox 1460 2545 1778 2601; x_wconf 68' lang='lat' dir='ltr'>Isenricas</span> <span class='ocrx_word' id='word_1_169' title='bbox 1822 2543 1963 2600; x_wconf 77' lang='lat' dir='ltr'>Au-</span> 
     </span>
     <span class='ocr_line' id='line_1_28' title="bbox 267 2629 1961 2713; baseline -0.001 -25"><span class='ocrx_word' id='word_1_170' title='bbox 267 2652 408 2706; x_wconf 77' lang='lat' dir='ltr'>ceps</span> <span class='ocrx_word' id='word_1_171' title='bbox 467 2653 501 2690; x_wconf 93' lang='lat' dir='ltr'>e</span> <span class='ocrx_word' id='word_1_172' title='bbox 576 2630 777 2691; x_wconf 85' lang='lat' dir='ltr'>Domo</span> <span class='ocrx_word' id='word_1_173' title='bbox 856 2630 1160 2691; x_wconf 79' lang='lat' dir='ltr'>Saxonica</span> <span class='ocrx_word' id='word_1_174' title='bbox 1200 2677 1216 2706; x_wconf 94' lang='lat'>,</span> <span class='ocrx_word' id='word_1_175' title='bbox 1270 2629 1436 2693; x_wconf 91' lang='lat' dir='ltr'>unde</span> <span class='ocrx_word' id='word_1_176' title='bbox 1495 2631 1778 2713; x_wconf 78' lang='lat' dir='ltr'>prognati</span> <span class='ocrx_word' id='word_1_177' title='bbox 1835 2643 1961 2687; x_wconf 88' lang='lat' dir='ltr'>tres</span> 
     </span>
     <span class='ocr_line' id='line_1_29' title="bbox 279 2718 1962 2801; baseline -0.001 -24"><span class='ocrx_word' id='word_1_178' title='bbox 279 2722 533 2777; x_wconf 77' lang='lat' dir='ltr'>Ottones</span> <span class='ocrx_word' id='word_1_179' title='bbox 596 2718 1050 2801; x_wconf 85' lang='lat' dir='ltr'>sequebantur,</span> <span class='ocrx_word' id='word_1_180' title='bbox 1109 2742 1383 2801; x_wconf 86' lang='lat' dir='ltr'>quorum</span> <span class='ocrx_word' id='word_1_181' title='bbox 1445 2718 1696 2778; x_wconf 88' lang='lat' dir='ltr'>ultimus</span> <span class='ocrx_word' id='word_1_182' title='bbox 1762 2738 1962 2800; x_wconf 85' lang='lat' dir='ltr'>quum·</span> 
     </span>
     <span class='ocr_line' id='line_1_30' title="bbox 269 2805 1961 2891; baseline -0.001 -27"><span class='ocrx_word' id='word_1_183' title='bbox 269 2806 652 2866; x_wconf 83' lang='lat' dir='ltr'>intellixisset</span> <span class='ocrx_word' id='word_1_184' title='bbox 703 2807 888 2867; x_wconf 88' lang='lat' dir='ltr'>Italos</span> <span class='ocrx_word' id='word_1_185' title='bbox 933 2806 1233 2890; x_wconf 80' lang='lat' dir='ltr'>regnandi</span> <span class='ocrx_word' id='word_1_186' title='bbox 1286 2805 1544 2891; x_wconf 89' lang='lat' dir='ltr'>cupidos</span> <span class='ocrx_word' id='word_1_187' title='bbox 1589 2807 1845 2889; x_wconf 89' lang='lat' dir='ltr'>Imperii</span> <span class='ocrx_word' id='word_1_188' title='bbox 1881 2806 1961 2863; x_wconf 92' lang='lat' dir='ltr'>ti-</span> 
     </span>
     <span class='ocr_line' id='line_1_31' title="bbox 268 2893 1959 2974; baseline 0.001 -23"><span class='ocrx_word' id='word_1_189' title='bbox 268 2893 467 2955; x_wconf 88' lang='lat' dir='ltr'>tulum</span> <span class='ocrx_word' id='word_1_190' title='bbox 520 2894 842 2971; x_wconf 83' lang='lat' dir='ltr'>affectare,</span> <span class='ocrx_word' id='word_1_191' title='bbox 909 2894 978 2974; x_wconf 82' lang='lat' dir='ltr'>a)</span> <span class='ocrx_word' id='word_1_192' title='bbox 1045 2910 1106 2956; x_wconf 89' lang='lat' dir='ltr'>et</span> <span class='ocrx_word' id='word_1_193' title='bbox 1191 2897 1650 2955; x_wconf 73' lang='lat' dir='ltr'>Chrescentiam</span> <span class='ocrx_word' id='word_1_194' title='bbox 1722 2895 1959 2953; x_wconf 90' lang='lat' dir='ltr'>Consu-</span> 
     </span>
     <span class='ocr_line' id='line_1_32' title="bbox 1751 2982 1874 3044; baseline 0.008 -2"><span class='ocrx_word' id='word_1_195' title='bbox 1751 2982 1874 3044; x_wconf 92' lang='lat' dir='ltr'>lem</span> 
     </span>
    </p>
   </div>
   <div class='ocr_carea' id='block_1_3' title="bbox 276 3043 591 3057">
    <p class='ocr_par' dir='ltr' id='par_1_3' title="bbox 276 3043 591 3057">
     <span class='ocr_line' id='line_1_33' title="bbox 276 3043 591 3057; baseline 0 669"><span class='ocrx_word' id='word_1_196' title='bbox 276 3043 591 3057; x_wconf 95' lang='lat' dir='ltr'> </span> 
     </span>
    </p>
   </div>
   <div class='ocr_carea' id='block_1_4' title="bbox 340 3082 1464 3166">
    <p class='ocr_par' dir='ltr' id='par_1_4' title="bbox 340 3082 1464 3166">
     <span class='ocr_line' id='line_1_34' title="bbox 340 3082 1464 3166; baseline 0.003 -32"><span class='ocrx_word' id='word_1_197' title='bbox 340 3084 419 3155; x_wconf 82' lang='lat' dir='ltr'>a)</span> <span class='ocrx_word' id='word_1_198' title='bbox 458 3084 657 3166; x_wconf 73' lang='lat' dir='ltr'>Lamb.</span> <span class='ocrx_word' id='word_1_199' title='bbox 696 3084 905 3142; x_wconf 84' lang='lat' dir='ltr'>Schffn.</span> <span class='ocrx_word' id='word_1_200' title='bbox 945 3085 1212 3156; x_wconf 81' lang='lat' dir='ltr'>Sigehert.</span> <span class='ocrx_word' id='word_1_201' title='bbox 1257 3082 1464 3137; x_wconf 78' lang='lat' dir='ltr'>Gernhl.</span> 
     </span>
    </p>
   </div>
   <div class='ocr_carea' id='block_1_5' title="bbox 2092 2138 2097 3235">
    <p class='ocr_par' dir='ltr' id='par_1_5' title="bbox 2092 2138 2097 3235">
     <span class='ocr_line' id='line_1_35' title="bbox 2092 2138 2097 3235; baseline 0 0"><span class='ocrx_word' id='word_1_202' title='bbox 2092 2138 2097 3235; x_wconf 95' lang='lat' dir='ltr'> </span> 
     </span>
    </p>
   </div>
  </div>
 </body>
</html>
