2097 3726
349 242 424 305 48
797 238 1401 295 Historia

253 422 368 480 tim
409 426 547 499 post
584 410 821 472 bellum
864 412 943 471 ΙΙ.
981 414 1321 486 Punicum,
1371 410 1455 470 ob
1499 422 1740 470 veteres
1784 408 1949 492 inju-

255 511 378 569 rias
423 503 709 564 Patribus
748 500 975 576 illatas,
1039 504 1188 562 item
1241 500 1325 559 ob
1368 501 1546 558 missa
1589 514 1733 558 ante
1771 499 1950 557 bien-

253 601 427 657 nium
475 593 694 651 Poenis
734 589 996 664 auxilia,
1045 611 1159 650 nec
1196 610 1321 647 non
1360 590 1676 647 sociorum
1716 609 1952 669 quere-

251 685 338 744 las
389 682 696 764 imprimis
750 677 1258 751 Atheniensium,
1336 680 1445 759 qui
1496 678 1684 735 variis
1748 675 1951 735 modis
2032 670 2078 743 ,’

255 774 451 855 pressi
503 767 577 826 ad
623 769 938 827 Romanos
988 764 1421 846 confugerunt.
1481 766 1562 844 a)
1623 765 1954 838 Philippus

258 859 513 920 interim
558 855 809 917 foedere
844 876 986 914 cum
1029 856 1337 911 Antiocho
1383 854 1600 934 Syriae
1642 874 1786 934 rege
1830 851 1956 910 du-

258 948 411 1007 dum
453 947 610 1006 inito
660 944 960 1016 confiSUS,
1025 944 1301 1025 graviter
1349 941 1686 1023 Abydenos
1743 963 1955 1023 oppu—

265 1057 455 1120 gnare
493 1036 733 1119 coepit,
779 1046 1059 1092 ceterum
1095 1032 1433 1090 commissis
1470 1031 1655 1089 variis
1686 1029 1956 1111 praeliiS‚

254 1125 491 1187 bellum
549 1122 704 1195 hoc,
789 1134 1120 1204 postquam
1177 1121 1504 1195 Philippus
1544 1117 1622 1178 ἃᾶ
1676 1120 1959 1175 Cinosce-

246 1217 489 1295 phalas
533 1209 870 1271 Thessaliae
906 1206 1212 1292 oppidum
1245 1231 1279 1265 a
1321 1210 1610 1281 Quinctio
1650 1208 1959 1265 Flaminio

261 1301 600 1364 debellatus
652 1299 900 1373 fuisset,
971 1320 1022 1356 a.
1070 1297 1148 1354 U.
1189 1296 1334 1372 557,
1374 1297 1456 1354 ita
1499 1295 1766 1355 feliciter
1818 1293 1962 1353 fini-

261 1407 396 1453 tum
436 1403 555 1450 est:
620 1402 691 1448 ut
727 1389 983 1448 Graecis
1030 1385 1318 1445 omnibus
1374 1385 1659 1443 restituta
1710 1381 1962 1442 libertas

264 1503 379 1566 per
438 1475 842 1538 Isthmiorum
890 1474 1071 1535 ludos
1112 1472 1333 1534 festiva
1378 1471 1767 1532 solemnitate
1809 1492 1958 1555 pro-

264 1569 685 1630 nunciaretur.
732 1564 818 1642 b)

440 1658 689 1714 Bellum
725 1656 1062 1729 Syriacam
1096 1670 1242 1709 cum
1280 1650 1596 1710 Antiocho
1622 1651 1713 1707 M
1746 1648 1965 1729 Syriae

264 1767 447 1828 rege,
494 1766 544 1801 a.
582 1744 659 1801 U.
699 1743 843 1801 552.
874 1761 1134 1799 cansam
1178 1738 1343 1798 bello
1375 1737 1550 1797 dedit
1583 1739 1966 1809 AntiochnS,

268 1839 380 1919 qui
423 1843 719 1915 occupata
754 1827 881 1912 jam
917 1827 1383 1908 Coele—Syria,
1431 1825 1810 1907 devictoque
1850 1824 1968 1883 du-

267 1947 339 1986 ce
404 1925 633 1996 Scopa,
716 1941 792 1979 eo
854 1915 1246 1977 intendebat:
1309 1927 1381 1973 ut
1444 1917 1632 1976 etiam
1703 1914 1969 1973 Graecas

267 2013 454 2074 Asiae
503 2011 784 2068 civitates
837 2020 1152 2089 paccaret,
1234 2015 1296 2064 et
1340 2002 1506 2062 bello
1550 2003 1616 2060 in
1654 2003 1968 2086 Europam

265 2099 564 2163 translato
596 2094 922 2156 Thraciam
967 2115 1220 2178 quoque
1256 2091 1374 2151 sibi
1423 2089 1792 2149 vindicaret.
1840 2093 1971 2151 Ve-

272 2213 421 2252 rum
462 2188 776 2246 Neutrum
819 2183 1100 2268 placebat
1139 2180 1433 2241 Romanis
1478 2178 1764 2263 planum,
1829 2177 1970 2237 ideo

272 2282 456 2341 missa
495 2275 838 2357 legatione,
885 2295 918 2329 a
954 2270 1287 2354 propositis
1322 2269 1444 2328 suis
1484 2266 1798 2327 abstinere
1833 2263 1971 2348 jus-

274 2391 373 2429 sus
419 2377 540 2440 est,
604 2365 858 2422 interim
894 2358 989 2418 his
1020 2383 1147 2419 non
1190 2355 1581 2418 obstantibus
1615 2354 1821 2414 Aetoli
1858 2377 1972 2415 ex-

274 2455 573 2541 asperatis
611 2453 834 2510 animis
877 2450 1260 2508 Antiochum
1295 2445 1369 2504 ad
1407 2467 1577 2502 arma
1611 2446 1676 2503 in
1712 2443 1970 2504 Graeci-

274 2568 376 2605 am
430 2538 856 2602 transferenda
907 2537 1328 2609 solicitabant3
1408 2555 1598 2616 quem
1649 2546 1975 2614 utcunque

277 2645 633 2703 nutantem,
694 2627 956 2711 amplius
996 2624 1192 2685 adhuc
1230 2623 1309 2682 ad
1360 2620 1595 2682 bellum
1643 2620 1980 2702 suscipien-

282 2723 434 2781 dum
479 2719 794 2803 permovit
829 2718 1143 2789 Annibal,
1205 2712 1314 2794 qui
1354 2713 1780 2770 Romanorum
1825 2709 1979 2766 viri-

279 2812 397 2871 bus
435 2822 608 2868 antea
645 2806 905 2879 territus
943 2804 1020 2865 ad
1066 2826 1212 2865 eum
1248 2797 1628 2881 confugerat.
1698 2797 1972 2856 Istorum

1778 2897 1891 2943 lta-

352 3071 428 3136 α)
467 3069 579 3119 Liv.
619 3067 683 3121 L.
714 3065 800 3117 30.
834 3073 890 3116 et
926 3061 1012 3115 31.
1046 3062 1242 3115 Justin.
1278 3061 1337 3113 L.
1371 3057 1456 3110 30.
1488 3076 1536 3111 c.
1564 3054 1614 3108 3.
1654 3054 1720 3123 b)
1759 3056 1880 3109 Liv.
1914 3054 1979 3107 L.

423 3136 509 3191 33.
548 3158 591 3191 c.
629 3137 716 3190 32.
756 3134 951 3206 Polyb.
993 3134 1181 3204 Legat.
1219 3133 1281 3186 L.
1309 3131 1361 3184 9.
1400 3148 1451 3201 p.
1492 3125 1608 3180 798.
