2097 3726
517 140 797 197 Romano
842 136 1216 194 Germanici.
1506 133 1542 193 5
1552 135 1582 192 7
1597 135 1628 191 7

202 317 308 379 Vl.
355 316 707 375 Ludovicas
759 316 885 371 III.
932 311 1194 369 Balbus.
1256 307 1421 369 silius
1499 311 1713 367 Caroli

32 406 245 480 Calvi,
315 406 584 488 primam
644 401 975 486 conjugem
1028 398 1246 458 habuit
1291 400 1722 476 Atzsgardam.

27 517 107 554 ex
152 516 276 577 qua
320 495 707 552 Ladovieum
752 505 814 550 et
861 492 1383 548 C'arolomcmmmz
1415 489 1724 570 suscepit,

26 604 249 642 verum
289 604 367 641 ex
412 579 670 642 consilio
720 580 913 665 patris
972 601 1040 637 ea
1087 577 1450 662 repudiata,
1495 577 1565 653 a)
1613 575 1727 634 ali-

26 694 126 730 am
185 671 368 730 duxit
424 671 866 741 Adellzeidem,
929 689 1119 750 quam
1175 668 1452 726 moriens
1515 666 1727 747 gravi-

23 760 169 818 dam
220 758 513 840 reliquit,
560 771 623 817 et
669 759 850 818 brevi
920 757 1166 840 peperit
1217 757 1508 812 Carolum
1556 756 1728 810 Sim-

17 853 252 925 plicem
296 847 812 931 dictum5Regem
836 847 883 904 F
887 848 1152 912 tanciae,
1175 847 1532 902 Luclovicas
1564 844 1728 898 Bal-

23 940 135 995 bus
194 939 498 995 Joannem
576 936 752 998 VIII.
837 934 1201 995 Pontificem
1270 956 1305 993 e
1364 932 1726 1015 captivitate

29 1028 468 1084 Carolomamzi
512 1023 854 1108 profugum
909 1022 987 1081 ad
1041 1046 1105 1084 se
1149 1025 1506 1083 venientem
1554 1021 1724 1100 Lug-

22 1114 175 1173 duni
221 1111 565 1174 honorifice
607 1116 891 1196 excepit,
937 1136 972 1170 a
1020 1135 1148 1194 quo
1194 1114 1381 1172 etiam
1417 1113 1480 1168 in
1519 1110 1725 1192 legiti—

25 1225 204 1262 mum
246 1206 705 1285 Imperatorem
753 1214 1076 1262 coranatus
1124 1214 1251 1276 est,
1289 1201 1433 1260 licet
1469 1197 1732 1281 amplius

24 1292 181 1352 nihil
228 1294 294 1350 in
335 1291 514 1351 Italia
565 1291 942 1375 possideret,
991 1292 1296 1372 quoniam
1338 1312 1477 1350 eam
1532 1290 1733 1346 Caro-

23 1386 350 1441 lomannas
398 1379 525 1463 jam
581 1381 701 1442 sub
740 1379 874 1462 ejus
917 1394 1096 1462 patre
1163 1393 1234 1438 ut
1298 1378 1571 1437 vidimus
1614 1375 1734 1435 sibi

22 1469 504 1554 subjugaverat,
544 1467 688 1529 hinc
734 1471 1093 1528 Laclovicas
1140 1490 1269 1527 non
1313 1469 1431 1527 nisi
1497 1486 1734 1549 purum

24 1559 318 1634 titulum,
387 1561 878 1618 Carolomamzas
942 1577 1097 1617 vero
1150 1578 1286 1615 rem
1342 1569 1404 1616 et
1467 1575 1737 1636 regnum

29 1649 242 1709 Italiae
302 1650 520 1709 tenuit.
612 1645 737 1708 Sed
792 1661 856 1708 et
919 1642 1038 1704 hoc
1095 1643 1266 1703 nudo
1328 1643 1736 1728 Imperatoris

28 1736 250 1814 titulo,
295 1738 525 1818 exiguo
577 1747 864 1820 tempore
925 1733 1152 1793 fruitus
1201 1747 1294 1792 est
1336 1735 1735 1801 Ladovicch,

26 1849 171 1887 nam
212 1839 353 1910 post
411 1830 507 1886 18.
557 1827 869 1885 mensium
911 1825 1250 1908 imperium
1296 1846 1392 1881 an.
1445 1826 1590 1902 879.
1628 1841 1738 1878 ve-

26 1937 193 1976 neno
238 1915 517 1975 sublatus
565 1927 672 1974 est.
764 1916 829 1992 h)
891 1915 1039 1973 Post
1080 1908 1257 1993 cujus
1301 1924 1570 1970 mortem
1616 1922 1739 1967 sta-

28 2018 126 2066 tus
181 2004 420 2064 Galliae
488 2003 703 2063 ambos
762 2001 921 2062 filios
984 2024 1064 2061 ex
1126 2002 1479 2079 Ansgarda
1536 2000 1741 2079 Reges

27 2092 264 2153 Galliae
305 2091 816 2179 proclamarunt,
858 2092 968 2174 qui
1013 2102 1154 2174 post
1189 2112 1298 2151 sex
1345 2110 1537 2148 annos
1577 2084 1740 2144 infe-

24 2181 234 2242 liciter
271 2184 633 2266 perierunt,
685 2203 913 2264 nempe
959 2182 1319 2240 Ludovicas
1376 2181 1440 2238 in
1495 2176 1744 2236 venati·-

28 2292 190 2344 one,
262 2273 750 2329 (karolomannus
814 2291 969 2329 vero
1047 2271 1113 2329 in
1183 2270 1578 2354 equitatione
1631 2285 1741 2323 ex-

34 2361 313 2443 spiravit.

210 2447 350 2511 VII,
407 2448 666 2506 Carolus
716 2447 844 2502 III.
901 2446 1207 2519 CrassuS,
1251 2443 1594 2526 acorporis
1633 2438 1741 2497 lia-

31 2534 319 2596 bitudine
358 2533 559 2594 dictus
581 2581 599 2607 ‚
644 2548 822 2616 patre
864 2536 1179 2591 chdovico
1222 2533 1593 2593 Germaniae
1640 2551 1742 2588 re—

33 2646 147 2707 ge,
202 2639 402 2684 matre
456 2629 730 2683 Hemma
776 2637 998 2693 natuS,
1045 2644 1311 2683 uxorem
1359 2620 1580 2679 habuit
1620 2619 1742 2674 Ri-

35 2717 324 2774 clzardc'm
369 2714 704 2774 Scotorum
741 2714 903 2794 regis
933 2709 1161 2786 filiam,
1210 2732 1401 2794 quam
1445 2710 1740 2768 intactam

1554 2817 1655 2853 re-

110 2981 179 3044 a)
219 2978 430 3047 Regino
464 2978 529 3034 L.
561 2976 608 3028 2.
685 2973 762 3048 b)
803 2975 1043 3029 Aimoin.
1086 2972 1151 3031 L.
1192 2971 1240 3024 5.
1287 2990 1333 3023 c.
1384 2968 1469 3023 39.
1509 2968 1745 3038 Regino.

181 3050 249 3102 ad
282 3066 368 3104 au.
399 3047 522 3102 878.
