2097 3726
489 90 918 167 Antiquomm
969 87 1434 146 Germanorum.
1600 87 1725 148 545

126 280 505 349 agnoscunt,
549 272 734 346 atque
787 260 1060 343 eligunt,
1110 261 1438 322 interiores
1497 263 1812 346 antiquius

125 370 188 415 et
251 354 586 438 simplicius
652 351 1116 433 permutatione
1175 353 1808 422 merciumutuntur,

123 445 296 507 Inter·
346 442 546 500 civilis
593 436 962 521 prudentiae
998 439 1277 497 instituta
1319 441 1567 522 ingenio
1612 442 1810 522 gentis

122 543 525 613 attemperata
549 571 564 600 ,
594 524 668 583 ad
708 525 1079 609 ampliorem
1121 526 1428 586 culturam
1467 549 1814 610 pomoven-

123 618 262 678 dam
320 615 790 701 prospicientia,
837 627 900 675 et
932 612 1010 673 ad
1047 617 1177 674 vim
1221 615 1640 698 repellendam
1673 637 1816 700 spe-

120 709 355 764 ctantia
396 750 412 781 ‚
474 704 897 785 antiquissima
953 704 1026 761 iis
1089 715 1223 770 erat
1279 703 1434 786 juris
1499 703 1813 766 Naturalis

122 793 481 862 observatio
508 838 523 867 ,
562 813 633 850 ac
674 805 924 874 praeter
971 811 1188 855 severa
1221 793 1656 866 matrimonia,
1697 794 1816 850 mi-

125 903 195 939 ra
248 901 497 946 morum
539 881 860 962 integritas
911 879 1093 955 facit5
1142 879 1278 962 plus
1318 882 1481 947 enim
1533 880 1620 938 ibi
1661 879 1811 948 honi

116 990 321 1028 mores
371 968 662 1034 valebant
687 1012 702 1041 ,
743 991 929 1051 quam
968 967 1115 1035 alibi
1170 967 1367 1037 bonae
1426 969 1623 1050 leges3
1662 991 1809 1036 nam

117 1056 282 1138 apud
331 1057 668 1124 irritabiles
711 1070 772 1117 et
806 1055 1033 1116 crudos
1087 1057 1234 1123 alias
1282 1059 1519 1129 animos
1552 1101 1568 1130 ‚
1626 1057 1809 1128 etiam

110 1144 350 1208 lenitati
405 1145 572 1206 locus
609 1158 781 1221 erat3
829 1144 1186 1207 Verberare
1233 1166 1518 1218 servum,
1562 1165 1631 1203 ac
1669 1146 1811 1204 vin-.

110 1231 265 1292 culis
322 1233 423 1293 vel
480 1255 673 1318 opere
721 1254 1013 1294 coercere
1072 1256 1288 1301 rarum
1355 1239 1506 1300 erat.
1583 1233 1810 1304 Homi-v

111 1320 270 1398 cidia
334 1338 507 1382 certo
591 1337 1019 1382 armentorum
1085 1344 1348 1383 numero
1413 1321 1744 1394 luebantur
1789 1365 1805 1394 ‚

119 1409 528 1472 satisfactione
572 1411 808 1470 utiliter
854 1413 917 1468 in
958 1410 1272 1492 publicum
1302 1425 1578 1493 recepta:
1619 1430 1807 1479 cave-.-¹

122 1497 273 1556 hant
317 1512 525 1560 autem
574 1500 879 1581 imprimis
928 1521 1005 1558 ne
1036 1501 1166 1558 sive
1202 1502 1325 1558 suis
1390 1502 1449 1557 in
1495 1497 1654 1556 bello
1700 1495 1808 1554 da·-

110 1587 309 1647 mnosi
353 1600 590 1658 essent,
646 1590 775 1646 sive
834 1600 1195 1670 pacatorum
1255 1589 1487 1646 civium
1530 1586 1808 1650 fortunas

110 1696 358 1756 quaqua
401 1677 640 1744 ratione
680 1674 1061 1756 affligerent,
1102 1673 1267 1735 unde
1313 1674 1542 1733 cultior
1578 1695 1805 1732 eorum

110 1783 262 1846 prae
285 1763 413 1823 aliis
453 1762 677 1846 agendi
712 1766 873 1823 ratio
915 1761 1231 1824 manifeste
1262 1775 1804 1832 commonstratun

292 1851 474 1926 Quod
546 1855 889 1930 Regimitzc's
956 1855 1239 1928 fhrmccm
1313 1855 1533 1911 attinet
1570 1874 1581 1909 :
1667 1871 1805 1914 eam

109 1942 343 2001 nullam
403 1954 639 2000 certam
701 1938 1057 2016 habebant,
1116 1963 1260 1999 nam
1310 1961 1518 2022 neque
1568 1941 1803 2026 Reges,

104 2051 310 2114 neque
350 2033 678 2114 optimates
729 2043 907 2090 erant
955 2032 1282 2114 perpetui,
1320 2031 1520 2111 Reges
1580 2051 1658 2095 ex
1688 2053 1803 2090 no—

102 2116 342 2182 bilitate
378 2164 392 2193 ‚
462 2120 664 2180 Duces
725 2141 803 2179 ex
872 2122 1109 2189 virtute
1170 2117 1583 2201 eligebantur,
1673 2121 1802 2179 Re-

100 2226 250 2284 gum
306 2221 574 2287 potestas
630 2229 756 2266 non
812 2205 931 2267 fuit
978 2230 1256 2282 summa,
1310 2228 1517 2288 neque
1562 2205 1801 2280 libera,

110 2295 310 2358 Duces
337 2296 708 2376 promptiet
731 2299 1048 2379 conspicui
1089 2298 1152 2356 in
1191 2297 1321 2359 acie
1365 2297 1558 2376 magis
1591 2317 1802 2355 exem-

105 2381 212 2464 plo
268 2404 457 2464 quam
506 2384 776 2463 imperio
817 2397 1166 2465 praeerant.
1256 2384 1589 2442 Communi
1649 2405 1800 2447 con-

115 2470 253 2529 silio
305 2469 465 2530 bella
503 2484 646 2528 sunt
686 2469 968 2544 decreta,
1015 2485 1077 2536 et
1130 2482 1335 2531 certus
1394 2473 1540 2530 Dux
1607 2493 1797 2552 expe«.

101 2555 326 2618 ditioni
382 2557 741 2642 praefectus
836 2561 928 2625 De
972 2559 1323 2618 minoribus
1381 2558 1568 2619 rebus
1612 2561 1796 2631 P-rin-

107 2648 273 2729 cipes
329 2646 718 2722 consultant,
769 2646 846 2707 de
902 2645 1242 2730 majoribus
1289 2667 1534 2719 omneS,
1576 2648 1658 2710 ita
1704 2659 1797 2713 ta*

109 2756 254 2793 men
316 2748 388 2802 ut
442 2735 638 2819 plebis
689 2735 1024 2803 arbitrium
1075 2736 1390 2818 principes
1449 2747 1796 2818 pertracta-‚-

104 2836 260 2885 rent.
352 2823 516 2894 Hinc
557 2822 634 2883 ad
669 2824 932 2884 Comitia
968 2826 1305 2885 convenire
1339 2821 1618 2882 solebant
1660 2842 1797 2882 cer-2

108 2913 183 2984 tis
244 2910 461 2974 diebus
521 2914 583 2975 in
642 2914 966 2975 novilunio
1023 2925 1131 2974 aut
1174 2911 1558 2997 plenilunio,
1604 2921 1795 2993 prout

1569 3013 1706 3065 tur-².
