2097 3726
385 202 507 260 560
837 201 1146 258 Historza
1193 202 1455 277 Imperii

284 377 367 434 Iis
410 373 541 433 fere
607 373 994 456 temporibus
1046 376 1406 460 Bulgariae‚
1456 389 1517 434 et
1567 375 1824 436 Russiae
1868 400 1980 461 po·-

281 462 414 546 puli
452 461 528 519 ad
570 463 762 520 ritum
813 465 1124 525 Graecum
1184 466 1468 525 conversi
1527 477 1687 523 sunt.
1783 466 1978 526 Deni-

285 574 410 633 que
478 553 738 609 Carolus
797 553 888 611 M
952 553 1088 636 lege
1151 557 1336 614 etiam
1404 555 1646 612 sanxit:
1691 567 1762 611 ut
1807 554 1976 613 Laici

282 655 379 699 ter
437 640 772 723 quotannis
842 640 919 699 ad
962 644 1289 702 minimum
1344 642 1793 726 poenitentiam
1838 666 1978 725 age-

279 741 465 801 rent,
511 742 574 788 et
621 728 806 787 Sacra
842 728 1072 810 Synaxi
1113 745 1456 792 uterentur.
1548 730 1614 810 a)
1683 734 1820 813 Ipse
1868 753 1979 791 ve-

280 839 356 876 ro
430 819 693 876 Carolus
750 838 996 900 semper
1034 818 1338 903 praeferri
1389 817 1506 878 sibi
1550 820 1794 877 curavit
1858 842 1977 878 nu·-

281 906 430 965 dum
478 904 751 987 gladium
792 909 893 964 cui
947 903 1061 967 hae
1122 908 1371 969 Literae
1431 920 1609 967 erant
1668 909 1971 968 insertae:

277 993 359 1053 D.
412 996 473 1054 P.
521 995 587 1053 C.
634 996 700 1053 C.
765 994 840 1052 A.
904 994 974 1058 D.
1041 997 1106 1055 C.
1171 996 1365 1056 idest:
1430 1000 1666 1054 Decem
1711 1018 1975 1071 praece-

263 1094 531 1161 pteram
576 1094 783 1140 custos
840 1085 1169 1142 Carolzcsa
1214 1087 1356 1144 Deo
1416 1088 1780 1143 Coronatus
1846 1087 1975 1144 Cu-

277 1171 373 1257 jus
396 1173 690 1231 institutis
722 1174 907 1232 etiam
939 1193 1320 1234 successores
1340 1171 1604 1234 firmiter
1634 1170 1971 1234 adhaesere.

451 1258 494 1337 §.
546 1262 600 1320 5.
654 1263 877 1320 Status
924 1264 1222 1320 Politicus
1257 1274 1318 1318 et
1358 1265 1593 1320 Forma
1648 1265 1973 1340 regiminis

279 1352 544 1426 Imperii
590 1352 950 1410 Germanici
982 1363 1129 1409 ante
1168 1352 1610 1428 lutet-regnam
1643 1355 1972 1428 Magnam.
2048 1349 2053 1352 ⁵

275 1438 564 1498 Romano
603 1438 1046 1499 Germanicum
1083 1441 1463 1524 Imperium,
1516 1461 1789 1498 summae
1837 1439 1976 1521 dig-

276 1527 486 1586 nitatis
530 1527 880 1608 Imperialis
916 1543 1235 1588 auctorem
1273 1525 1492 1587 habuit
1549 1530 1840 1587 Carolcmz
1877 1531 1970 1587 M.

277 1616 389 1696 qui
449 1627 627 1695 patre
683 1617 911 1691 Papino
968 1629 1221 1677 mortuo
1255 1663 1272 1692 ,
1318 1638 1582 1700 regnum
1642 1630 1974 1700 paternum

274 1724 419 1761 cum
452 1701 647 1763 fratre
679 1724 792 1763 suo
835 1707 1282 1764 Carolomanno
1316 1707 1400 1764 ita
1442 1705 1684 1780 divisit,
1731 1719 1802 1764 ut
1852 1707 1973 1763 Ca-

274 1795 674 1850 rolomcmnas
710 1813 978 1874 regnum
1020 1793 1294 1868 Galliae,
1349 1797 1612 1853 Carolus
1641 1796 1732 1853 M.
1762 1807 1971 1853 autem

271 1900 544 1960 regnum
583 1881 954 1941 Germaniae
999 1881 1348 1957 obtineret,
1383 1884 1497 1964 qui
1537 1903 1685 1941 mox
1734 1883 1971 1964 regiam

282 1970 683 2027 Wormatiae
708 2013 723 2042 ,
758 1969 991 2028 tardius
1030 1992 1184 2030 vero
1228 1971 1310 2030 ob
1354 1981 1580 2029 tractus
1630 1974 1971 2031 amoenita-

273 2070 402 2118 tem
441 2060 843 2135 Agaisgtani
881 2056 1099 2118 defixit
1153 2082 1247 2117 an.
1300 2058 1442 2120 768.
1503 2063 1745 2121 Verum
1782 2059 1966 2120 brevi

272 2159 502 2227 quarto
557 2168 780 2230 nempe
840 2167 1004 2205 anno
1067 2145 1261 2206 fratre
1322 2169 1433 2206 suo
1514 2149 1968 2206 Cat-clomanno

195 2246 198 2248 “
277 2236 419 2294 771.
483 2247 770 2308 mortuo;
805 2237 1009 2293 statim
1057 2236 1221 2295 solus
1275 2257 1538 2319 regnare
1598 2239 1849 2320 coepit,
1896 2258 1967 2296 ac

268 2324 457 2384 tertio
507 2345 672 2382 anno
709 2322 1009 2383 Ecclesiae
1043 2325 1362 2384 Romanae
1400 2324 1702 2383 auxilium
1738 2323 1964 2400 serem,

268 2412 346 2490 h)
406 2410 972 2492 Longobardorum
1043 2435 1309 2496 regnum
1353 2415 1417 2471 in
1478 2411 1654 2471 Italia
1705 2415 1965 2487 evertit,

268 2496 415 2559 hinc
458 2499 730 2561 Saxones
783 2499 1176 2585 perdomuit,
1235 2502 1312 2586 c)
1359 2502 1697 2563 Saracenos
1736 2504 1801 2562 in
1847 2502 1966 2562 Hi-

1736 2612 1875 2674 spa-

335 2713 410 2779 a)
447 2711 750 2763 CrantziuS.
788 2711 848 2763 L.
891 2710 939 2765 2.
991 2711 1081 2785 ⁸12)
1137 2713 1480 2769 Desid.erum
1532 2711 1961 2780 Longohardum

405 2781 684 2852 superavit
734 2791 865 2833 teste
914 2782 1190 2836 Aimoino.
1242 2787 1307 2838 L.
1353 2783 1407 2841 4.
1449 2806 1496 2837 c.
1536 2783 1620 2836 69.
1666 2783 1746 2835 70.
1788 2783 1961 2852 Egin-

401 2850 563 2909 hard.
602 2851 657 2903 in
690 2853 800 2903 vita
831 2852 1028 2906 Caroli.
1059 2855 1138 2906 M.
1174 2853 1326 2907 item.
1364 2853 1668 2907 Monachus
1704 2854 1961 2920 Engolis-

402 2939 548 2975 men.
579 2940 665 2992 ap.
693 2922 997 2974 Pithaeum.
1033 2925 1177 2976 Ann.
1208 2926 1250 2978 F
1253 2925 1465 2977 uldens.
1503 2923 1768 2992 Sigebert.
1791 2924 1961 2975 Gem-

404 2989 541 3042 blae.
616 2991 686 3062 c)
723 2991 966 3044 Aimoin.
1010 2995 1073 3047 L.
1109 2994 1163 3052 4.
1198 3014 1246 3046 c.
1297 2994 1380 3047 70.
1416 2994 1715 3048 CrantinS.
1768 2995 1826 3045 in
1859 2993 1960 3044 Sa·-

405 3077 544 3118 xon.
579 3062 645 3118 L.
682 3059 736 3120 2.
771 3082 817 3116 c.
851 3064 899 3116 4.
929 3081 1043 3137 seq.
1073 3064 1142 3119 ab
1177 3084 1266 3125 an.
1307 3063 1422 3120 772.
1452 3097 1521 3109 —-
1573 3062 1692 3118 804.
1748 3064 1958 3120 bellum

404 3128 638 3186 duravit.
1834 3185 1837 3188 ⁴
