2097 3726
406 80 532 139 500
852 77 1150 133 Ηὶείονὶα
1194 76 1454 150 Imperii

315 257 497 317 dicta.
559 251 674 311 His
723 251 1086 334 perfunctus
1149 255 1448 326 ίάνοίιιε,
1493 249 1680 335 paulo
1719 250 2028 312 infelicior

318 343 517 409 evasit.
564 339 643 400 ad
687 343 1238 420 Μαὲεῖεόιινὲιιηι,
1309 355 1372 401 et
1424 354 1566 425 post
1616 342 2030 424 interceptam

314 433 576 506 Metam,
626 451 816 511 quam
867 429 1100 490 frustra
1167 444 1389 490 contra
1447 428 1659 489 Gallos
1704 451 2029 514 oppugna·
2094 470 2097 508 Ι

316 524 457 597 bat,
512 542 563 578 a.
617 514 804 579 1552.
855 541 987 602 quo
1020 541 1184 578 anno
1221 521 1408 578 etiam
1463 542 1497 578 a
1556 521 1873 577 Mazcritio
1922 520 2033 578 Sa-
2094 519 2097 536 ¹

312 631 481 674 xone
537 629 616 669 ex
671 608 988 667 Comitatu
1049 607 1365 669 Tirolensi
1400 608 1609 692 pulsus
1661 620 1811 668 erat.
1881 609 2035 680 Quia

312 703 431 763 bus
469 694 958 758 adversitatibus
998 696 1263 772 fractus,
1301 720 1354 757 a.
1404 695 1588 758 1555.
1628 717 1776 756 raro
1825 719 2035 757 exem-

312 790 456 877 plo,
503 787 774 870 imperio
832 808 963 847 sese
1004 785 1354 859 abdicavit,
1412 801 1476 847 et
1537 789 1600 847 in
1667 787 2035 869 Hispaniam

318 878 576 952 abienS,
642 873 998 959 depositum
1045 876 1395 958 Imperium
1450 877 1515 935 in
1575 874 1838 935 fratrem
1883 878 2039 931 Fer-*—

317 969 699 1038 elinandum,
746 960 872 1025 filio
914 981 1071 1025 vero
1105 966 1404 1041 Plzz‘lzppo
1442 987 1637 1048 regna
1684 963 2034 1037 conferenS,
2085 975 2097 984 “

319 1060 452 1143 ipse
501 1057 569 1114 in
628 1053 1084 1114 Monasterium
1134 1056 1463 1113 concessit.
1530 1055 1596 1135 a)
1658 1055 1768 1114 ubi
1841 1052 2040 1113 altero

319 1167 485 1207 anno
536 1146 703 1203 inter
747 1164 920 1203 sacra
957 1141 1189 1218 studia,
1236 1142 1469 1223 quibus
1511 1164 1678 1203 nunc
1715 1145 1898 1202 unice
1934 1163 2042 1200 va-

320 1235 532 1309 cabat,
589 1231 993 1292 mortalitatis
1048 1253 1193 1292 suae
1237 1231 1430 1293 finem
1483 1229 1666 1305 fecit,
1728 1255 1779 1292 a.
1854 1232 2041 1291 1558.

322 1324 536 1387 aetatis
581 1322 681 1383 59.
732 1321 992 1405 Imperii
1035 1322 1305 1382 Romani
1351 1322 1450 1383 59.
1501 1320 1872 1403 Symbolum
1914 1318 2045 1401 ejus

310 1420 466 1494 plas-
513 1414 709 1472 ultra.
799 1412 924 1483 Qui
968 1433 1196 1472 revera
1253 1408 1411 1470 adeo
1463 1408 1825 1470 fortunatus
1876 1421 2045 1483 erat,

324 1518 395 1564 ut
436 1504 833 1562 solimannus
887 1500 1246 1560 Turcarum
1299 1500 1459 1582 Imp.
1519 1497 1673 1559 dum
1731 1501 2046 1562 Viennam

325 1590 680 1665 obsideret,
707 1587 1086 1672 audiretque
1136 1592 1348 1648 Caroli
1387 1589 1759 1664 adventum,
1792 1591 1856 1647 in
1897 1585 2047 1648 haec

328 1681 630 1767 prorupit
665 1678 895 1738 verba:
945 1682 1089 1738 Non
1132 1682 1390 1754 Car0l0‚
1425 1683 1537 1738 secl
1553 1683 1867 1757 fortunae
1910 1679 2047 1747 ejas

325 1775 486 1830 cedo.
545 1766 678 1827 Sub
714 1790 788 1828 eo
825 1767 1239 1829 memorabile
1271 1765 1535 1844 accidit,
1577 1791 1627 1827 a.
1668 1770 1851 1828 1520.
1895 1769 2052 1825 Fer-

328 1859 639 1919 elinandus
687 1858 1092 1935 Mccgellanzcs
1138 1858 1512 1928 LusitanUS‚
1578 1858 1867 1942 auspiciis
1931 1858 2052 1915 Caa

331 1952 452 2008 roll
486 1950 565 2014 V.
604 1944 685 2006 ab
737 1947 980 2006 oriente
1022 1967 1238 2006 versus
1291 1943 1680 2007 occidentem
1728 1948 1834 2006 via
1881 1965 2053 2005 com-

329 2029 630 2122 pendiosa
663 2031 742 2094 ad
794 2035 1030 2095 Insulas
1074 2034 1386 2096 Maluccas
1431 2034 2050 2118 navigaturus,Fre-

328 2140 502 2201 tum,
545 2121 718 2208 quod
767 2122 845 2185 de
896 2145 1012 2185 suo
1054 2127 1311 2184 nomine
1344 2127 1844 2202 Magellaniczcm
1899 2122 2053 2183 dicia

331 2229 477 2291 tur,
516 2213 781 2298 aperuit.
860 2214 1019 2274 Item
1064 2214 1196 2274 Pax
1240 2211 1556 2298 Religiosa
1611 2214 1888 2276 Passavii
1932 2227 2055 2274 sta·-

330 2302 515 2364 bilita
560 2316 667 2363 est.

511 2390 709 2453 XLV.
777 2391 1218 2450 Ferdinanclas
1276 2391 1325 2451 Ι.
1401 2394 1616 2451 Caroli
1671 2394 1749 2455 V.
1818 2388 2053 2467 frater,

333 2503 405 2541 ac
443 2481 631 2564 proin
677 2476 897 2540 iisdem.
938 2479 1306 2563 parentibus
1353 2495 1563 2556 natus,
1627 2482 1911 2541 Uxorem
1948 2478 2056 2540 haa

332 2570 475 2630 buit
514 2569 770 2628 Annam
826 2571 1147 2628 Ulaclislai
1187 2569 1267 2630 Il.
1303 2567 1492 2653 Regis
1536 2572 1895 2652 Hungariae
1931 2569 2056 2630 fili—

333 2681 470 2735 am,
523 2680 600 2719 ex
652 2677 777 2741 qua
830 2659 886 2718 4.
938 2660 1208 2743 suscepit
1263 2656 1464 2734 filios,
1533 2662 2054 2720 Maxc'mz'lc'anum

1852 2750 1965 2832 qui

414 2961 484 3021 a)
528 2955 888 3083 Schlleidgnus
933 2956 996 3012 L.
1033 2954 1119 3011 26.
1165 2946 1450 3012 Thuan'US.
1492 2958 1558 3017 L.
1603 2955 1690 3013 16.
1730 2954 1911 3009 Natal.
1954 2954 2060 3007 Co-

478 3042 611 3080 mes·
692 3065 709 3086 .
782 3066 796 3083 .
