2097 3726
406 202 525 281 17ss
847 203 1451 262 IIistoria

306 375 565 439 tiochiae
609 374 786 434 saluti
824 374 972 450 fuit,
1040 380 1122 460 a)
1168 380 1338 462 cujus
1381 382 1545 440 cives
1595 379 1679 441 ob
1726 380 1992 465 dejectas

305 480 526 529 statuas
570 485 736 536 suaS,
816 477 876 523 et
912 464 1186 550 conjugis
1230 472 1580 543 Placicliae,
1629 468 1789 529 male
1831 471 2019 529 mul-'

305 568 553 629 ctasset3
600 554 718 610 nisi
760 555 1106 614 Flavianas
1145 558 1516 640 Episcopus,
1564 559 1725 616 intra
1767 561 1991 641 triges-

303 647 527 705 simum
594 640 755 700 diem
817 643 974 701 iram
1038 642 1165 725 ejus
1230 644 1524 726 placasset
1585 645 1823 706 dicens:
1911 668 1992 707 ne

300 743 562 818 propter
601 728 877 789 mulieris
913 732 1237 814 imaginem
1261 779 1276 807 ,
1324 747 1417 793 tot
1454 731 1729 794 homines
1773 736 1992 816 imagi—

299 841 408 881 nes
453 821 566 879 Dei
610 817 917 899 perderet.
980 821 1154 880 Inter
1193 818 1341 882 haec
1385 824 1449 880 in
1493 821 1810 881 occidente
1857 825 1996 895 Va-¹

300 911 679 971 lentinianus
718 905 796 964 ab
844 909 1205 985 Abrogasce
1248 908 1433 984 duce,
1482 911 1588 991 qui
1639 913 1992 987 Eugenium

299 996 566 1058 scribam
630 1000 1085 1077 Imperatorem
1133 1018 1346 1058 creare
1400 996 1846 1073 contendebat,
1915 1000 1992 1078 b)

298 1082 715 1166 strangulatus
769 1096 893 1158 est,
959 1106 1154 1165 quare
1204 1088 1573 1145 Theodosius
1617 1100 1834 1146 contra
1887 1108 1989 1146 eos

300 1174 544 1233 indictis
605 1169 1157 1254 supplicationibus
1224 1172 1459 1232 bellum
1518 1197 1731 1250 orsus,
1812 1174 1991 1234 brevi

299 1265 620 1340 Eztgenius
666 1273 880 1341 captus
941 1263 1139 1344 capite
1183 1261 1552 1337 mulctatus,
1598 1265 1992 1340 Abrogastes

298 1372 450 1412 vero
499 1348 689 1410 rebus
740 1346 1075 1431 desperatis
1127 1350 1220 1409 sui
1274 1350 1553 1410 carnifex
1611 1352 1840 1427 evasit3
1907 1353 1992 1409 ita

299 1442 502 1499 victor
571 1439 940 1496 Theodosias
994 1437 1413 1498 Mediolanum
1477 1459 1829 1521 regressus,
1892 1461 1993 1500 re-

298 1527 455 1587 lictis
493 1524 630 1584 filiis
662 1527 936 1582 Arcadio
972 1538 1033 1585 et
1078 1530 1397 1603 HonoriO,
1447 1549 1603 1609 quos
1641 1524 1838 1585 adhuc
1873 1549 1991 1609 pu·-

299 1635 438 1677 eros
473 1615 734 1671 Arsenio
771 1615 1167 1697 Praeceptori
1204 1613 1639 1675 commendans
1662 1660 1677 1686 ,
1723 1635 1825 1675 eos
1865 1636 1992 1674 non

298 1717 369 1764 ut
433 1699 761 1775 CaesareS,
824 1701 928 1762 sed
979 1717 1049 1762 ut
1101 1703 1432 1786 discipulos
1485 1704 1766 1775 tractari,
1829 1716 1890 1762 et
1938 1704 1991 1761 si

300 1789 454 1875 quid
497 1788 935 1870 deliquissent,
986 1792 1168 1850 etiam
1209 1791 1578 1850 verberibus
1617 1793 1820 1873 excipi
1863 1787 1990 1871 jus-

299 1883 392 1949 sit,
468 1878 589 1949 Qui
630 1876 879 1936 demum
916 1899 1106 1937 annos
1151 1893 1325 1937 natus
1374 1877 1472 1937 60.
1513 1880 1852 1961 exspiravit
1895 1876 1990 1937 di-

302 1988 475 2029 cens:
524 1968 727 2043 magis
767 1988 828 2022 se
856 1971 1169 2043 gaudere,
1219 1970 1384 2045 quod
1408 1968 1740 2024 membrum
1776 1968 1990 2024 Eccle-

301 2061 433 2116 siae
475 2056 606 2112 Dei
648 2066 840 2125 esset,
890 2076 1078 2130 quam
1114 2060 1282 2134 quod
1322 2058 1384 2111 in
1418 2057 1610 2113 terris
1645 2066 1943 2131 regnaret
1960 2079 1990 2126 ,-

300 2166 494 2229 quare
533 2143 718 2203 etiam
763 2141 906 2202 filiis
935 2165 1062 2202 non
1108 2141 1272 2202 aliud
1302 2142 1530 2224 legavit
1561 2165 1746 2224 quam
1772 2145 1992 2217 pieta-

298 2248 423 2293 tem
454 2232 740 2314 inquiens
768 2252 779 2290 :
827 2229 905 2309 c)
952 2232 1071 2289 hac
1106 2236 1263 2290 enim
1300 2244 1361 2289 et
1378 2254 1518 2307 pax
1558 2241 1991 2304 conservatur,

297 2336 359 2382 et
405 2324 562 2381 bella
611 2321 1051 2396 conficiantur,
1120 2332 1182 2378 et
1229 2321 1436 2377 lzostes
1485 2323 1721 2378 dantur
1777 2322 1842 2375 in
1866 2321 1990 2394 fu-

287 2434 484 2492 gam,
547 2420 607 2466 et
667 2410 974 2484 trophaea
1033 2411 1430 2482 excitantur,
1496 2419 1556 2465 et
1607 2410 1986 2465 conciliatur

296 2501 582 2559 victoria.
629 2496 814 2556 Filios
849 2498 1058 2579 itaque
1093 2495 1424 2558 occidentis
1448 2510 1510 2556 et
1547 2495 1801 2556 orientis
1841 2492 1983 2554 hae-

294 2587 475 2652 redes
508 2584 822 2669 reliquens
863 2586 948 2666 d)
990 2584 1329 2647 Tutoribus
1366 2582 1784 2658 concredidit,
1822 2604 1981 2665 quo—-

1752 2692 1894 2729 ruln

370 2855 443 2916 a)
482 2848 653 2901 Idem.
704 2866 752 2902 c.
790 2844 871 2899 19.
916 2845 1135 2902 Sozom.
1178 2847 1244 2902 L.
1280 2844 1331 2899 8.
1381 2863 1426 2899 c.
1464 2840 1550 2893 23.
1607 2837 1677 2911 h)
1731 2840 1976 2898 Orosius.

438 2923 500 2973 L.
535 2918 582 2973 7.
618 2937 661 2969 c.
699 2917 782 2968 21.
813 2935 923 2987 seq.
963 2915 1151 2972 Rufin.
1187 2916 1247 2966 L.
1283 2915 1332 2968 3.
1384 2931 1427 2964 e.
1453 2909 1538 2962 23.
1571 2920 1622 2961 et
1656 2908 1743 2965 33.
1788 2910 1978 2962 Theo-

435 2991 608 3042 doret.
640 2990 701 3041 L.
741 2987 791 3041 5.
827 3006 871 3038 c.
908 2983 992 3038 24.
1030 2989 1094 3049 c)
1135 2984 1467 3038 Theodoret.
1505 2980 1567 3031 L.
1611 2980 1661 3033 5·
1697 3000 1740 3032 c.
1782 2979 1868 3035 25.
1902 2979 1972 3050 cl)

436 3059 641 3113 Zosim.
687 3058 745 3110 L.
800 3055 850 3109 4.
894 3065 949 3108 et
994 3055 1047 3112 5.
1100 3055 1309 3110 Socrat.
1355 3056 1416 3107 L.
1466 3048 1513 3102 6.
1554 3049 1773 3108 Sozom.
1819 3051 1879 3104 L.
1917 3049 1972 3110 8.

435 3150 480 3183 c.
515 3127 598 3183 25.
637 3128 879 3182 Orosius·
927 3128 990 3181 L.
1035 3125 1085 3183 7.
1122 3146 1165 3179 c.
1203 3123 1288 3179 37.
1325 3119 1478 3176 Paul.
1515 3120 1739 3180 Diacon.
