2097 3726
411 109 532 167 508
832 107 1142 168 ΗίείοΓιά
1190 109 1454 187 Imperii

319 296 562 365 pertem
619 283 776 342 varii
823 283 1146 346 conflictus
1199 309 1315 369 pro
1372 286 1646 366 speciosa
1694 285 2019 368 religionis

318 371 614 430 libertate
657 374 1245 450 committebantur,
1307 375 1601 437 Bohemia
1645 396 1799 434 vero
1838 378 2025 438 mise·-

318 481 389 518 re
456 461 853 536 vastabatur3
938 485 1157 523 verum
1214 467 1275 523 in
1339 465 1649 548 principio
1706 477 2025 525 tantorum

320 548 706 608 tumultuum
745 551 1068 609 Matthias
1110 552 1374 615 Viribus
1406 552 1637 612 fractus
1664 555 1933 613 moritur
1973 575 2025 613 a.

326 638 515 697 1619.
562 639 776 698 aetatis
834 641 934 701 65.
991 640 1248 725 Imperii
1312 647 1366 706 7.
1424 645 1538 725 qui
1598 663 1746 701 cum
1795 641 2027 699 nullam

315 720 650 788 haeredem
690 730 1090 812 suscepisset,
1138 752 1347 814 neque
1394 732 1524 815 ejus
1562 732 2031 791 frater-Alben-

319 825 423 872 tas
486 814 816 876 haeredem
882 833 1201 900 speraret,
1293 835 1542 880 mature
1606 820 2029 904 prospiciens,

319 903 590 963 Ordines
638 905 1044 987 Hungariae‚
1111 905 1445 969 Bohemiae
1498 922 1559 970 et
1601 909 1898 969 Austriae
1956 929 2031 967 eo

319 989 626 1076 disposuit
649 1009 754 1070 ,ut
789 996 1083 1057 Austriae
1108 995 1407 1055 Archi—
1433 996 1653 1059 ducem
1685 996 2032 1081 patruelem

321 1102 507 1140 suum
537 1086 1008 1143 Fet-elinandum
1028 1088 1091 1143 in
1126 1087 1364 1168 Regem
1391 1090 1807 1170 susciperent:
1842 1108 2033 1169 quem

320 1170 506 1231 etiam
545 1175 725 1255 regni
765 1187 828 1234 et
865 1173 1012 1235 belli
1057 1172 1390 1236 haeredem
1431 1175 1709 1259 reliquit.

499 1261 734 1322 XLIX.
808 1266 1243 1325 Ferclinanclas
1297 1268 1386 1324 II.
1462 1268 1527 1324 in
1595 1265 1784 1323 Stiria
1857 1278 2035 1324 natus

329 1350 514 1410 1578.
571 1365 817 1432 patrem
879 1349 1100 1413 habuit
1176 1357 1471 1413 Caroletm
1537 1357 1926 1412 Ferclinamli
1981 1355 2032 1412 I.

321 1438 480 1522 Imp.
537 1437 772 1516 filium,
835 1457 1103 1503 matrem
1156 1446 1447 1502 Mariam
1508 1445 1807 1503 Bavariae
1860 1441 2034 1500 ducis

322 1525 552 1603 filiam,
617 1531 801 1590 Uxor
857 1532 903 1590 I.
962 1531 1083 1592 fuit
1130 1535 1357 1591 ῘΙῙανία
1404 1535 1631 1607 Arma,
1714 1533 2038 1591 Wllzelmi

323 1616 550 1675 Bavari
585 1616 746 1694 filia,
795 1642 871 1680 ex
919 1644 1046 1704 qua
1087 1625 1357 1707 suscepit
1397 1625 1451 1684 5.
1500 1620 1657 1682 filios
1701 1622 1795 1681 uti
1847 1623 2039 1678 .Ῑοαη-θ

324 1726 465 1762 nem
506 1707 832 1782 Cardeam,
898 1713 1365 1771 Ferclincmclam
1404 1726 1546 1796 post
1586 1733 1651 1771 se
1694 1714 2041 1795 Imperato-

325 1816 495 1866 rem,
559 1810 621 1855 et
659 1799 1040 1873 Leopolclam
1101 1802 1542 1876 Wllzelmum,
1606 1798 1716 1883 qui
1757 1822 1876 1883 pro
1924 1799 2042 1859 Hi—
2096 1815 2097 1825 ¹

327 1885 690 1964 spaniarum
707 1908 854 1968 rege
891 1887 1107 1970 Belgio
1143 1889 1447 1972 praefuit,
1475 1889 1627 1949 filias
1659 1910 1814 1948 vero
1848 1890 2039 1949 Clu-i-

327 1976 598 2044 stinam,
648 1976 937 2034 ,Mariam
968 1979 1228 2036 slmzam
1265 1981 1713 2037 Maximilicmo
1759 1980 2037 2050 BavarO‚

330 2077 394 2123 et
440 2065 767 2121 Coae-iliam
823 2068 1146 2126 Ulaclislao
1198 2055 1437 2129 Polono
1476 2083 1711 2152 nuptas.
1761 2069 1839 2126 ΙΙ.
1889 2088 2042 2125 con-

329 2150 541 2234 jugem
598 2150 776 2212 duxit
827 2158 1208 2214 Eleonorccm
1257 2156 1552 2217 Mantuae
1609 2156 1779 2215 ducis
1831 2154 2037 2215 filiam.

330 2244 770 2301 Ferdinanclas
820 2248 893 2303 II.
942 2243 1300 2303 Electorum
1337 2246 1642 2328 suffragiis
1686 2246 2042 2328 Imperator

329 2332 776 2414 inauguratuS,
825 2333 991 2394 inter
1030 2332 1527 2416 flagrantissimas
1574 2334 1789 2396 turbas
1836 2337 2042 2417 Impe—

328 2422 496 2480 rium
532 2441 893 2502 aggressus,
955 2444 1105 2482 mox
1147 2420 1452 2484 Bohemos
1502 2423 1901 2487 turbulentos
1954 2421 2040 2500 a)
2095 2473 2097 2486 ⁴

330 2512 451 2591 qui*
504 2511 622 2573 sibi
677 2513 1073 2572 Friclericzcm
1121 2511 1470 2573 Palatinum
1531 2515 1773 2596 Regem
1840 2508 2041 2574 Bohe-

330 2600 489 2663 miae
540 2598 855 2678 fecerant,
944 2600 1111 2661 bello
1169 2599 1246 2659 ad
1311 2602 1685 2687 obsequium
1738 2621 2040 2664 revocare

1705 2702 1950 2763 statuit,

401 2859 475 2931 a)
515 2861 794 2932 Freiberg.
833 2862 981 2915 Part.
1020 2860 1074 2920 3.
1112 2862 1246 2914 disc.
1286 2863 1339 2916 8.
1376 2862 1426 2915 9.
1468 2863 1773 2916 LotichiuS.
1813 2863 1882 2914 de
1921 2862 2042 2918 reb.

473 2933 660 2985 Germ.
699 2935 845 2985 Part.
883 2934 935 2991 1.
957 2935 1019 2987 L.
1054 2933 1104 2986 3.
1130 2944 1184 2985 et
1217 2932 1268 2988 4.
1307 2933 1651 3006 Ludolphus.
1692 2935 1753 2985 L.
1792 2932 1874 2986 19.
1910 2953 1958 2993 ο.
1981 2932 2037 2990 3.

473 3003 785 3057 Comenius.
824 3004 966 3057 Hist.
1009 3004 1225 3061 Perseo.
1263 3006 1398 3057 Βοὴ.
1441 3005 1501 3058 L.
1538 3004 1623 3058 42.
1661 3022 1780 3076 seq.
