2097 3726
404 248 480 308 68
849 247 1461 303 Historia

312 444 490 492 cum,
540 421 868 481 Ponticum
900 434 964 481 et
1002 418 1401 494 Africanum3
1449 419 1679 501 quibus
1719 421 2012 502 quintum

310 530 536 592 nempe
576 509 983 592 Hispanicum
1022 508 1290 576 addidit,
1342 521 1675 591 postquam
1726 512 2010 586 Pompeji

312 598 471 659 filios
526 595 601 656 ad
659 600 965 656 „Mundam
1029 597 1116 675 a)
1180 597 1517 679 Hispaniae
1554 596 1799 656 Urbem
1849 596 2013 656 divi..
2087 672 2090 673 ⁷

312 689 507 753 cisset,
573 685 688 745 His
729 685 901 746 factis
948 706 1239 769 oppressa
1273 683 1633 769 republica,
1705 697 1767 743 et
1804 698 2022 767 pacato

316 773 534 860 populi
578 776 846 856 imperio
873 820 889 848 ,
968 777 1204 832 Caesar
1241 771 1320 830 ab
1368 773 1599 833 Senatu
1634 790 1802 832 novo
1844 795 2022 833 more

315 867 623 922 Dictator
650 874 1005 938 perpetuus
1061 860 1443 944 appellatus,
1513 862 1713 920 varias
1758 861 2024 943 pertulit

314 951 515 1034 legeS,
587 949 692 1011 sed
731 952 986 1010 Curiam
1033 949 1318 1008 barbaris
1358 948 1762 1010 Senatoribus
1800 951 2023 1009 obscu—

315 1041 516 1115 ravit3
564 1040 966 1100 Pomoerium
1001 1036 1300 1122 protulit,
1332 1036 1773 1119 Carthaginem
1809 1053 1872 1097 et
1906 1039 2027 1097 Co-

318 1125 611 1190 rinthum
652 1147 846 1187 novas
877 1127 1150 1187 colonias
1188 1124 1386 1184 duxit.
1434 1126 1605 1185 Anni
1641 1123 2024 1210 descriptio-

318 1238 465 1277 nem
503 1239 539 1276 a
576 1218 793 1275 Numa
837 1216 1224 1288 institutam,
1293 1214 1653 1274 intercalari
1698 1212 1801 1274 die
1852 1215 2029 1273 insti-

318 1319 457 1366 tuto
482 1349 498 1380 ‚
544 1315 607 1364 et
652 1302 752 1363 66.
793 1302 1013 1365 diebus
1051 1300 1304 1386 adjectis
1344 1305 1658 1378 correxit,
1723 1315 1788 1363 et
1835 1306 2032 1376 Quin-

323 1397 496 1454 tilem
549 1413 827 1453 mensem
880 1416 916 1452 a
955 1414 1068 1453 suo
1122 1392 1380 1452 nomine
1433 1392 1672 1450 ,salium
1731 1391 2033 1476 appellari

323 1481 532 1565 jussit,
612 1503 664 1541 a.
718 1482 796 1540 U.
856 1502 1000 1564 709.
1051 1479 1221 1540 unde
1270 1481 1417 1540 anni
1471 1481 1714 1539 Iuliani
1756 1477 2035 1540 kalendis

324 1569 636 1629 Januariis
671 1568 1006 1629 exordium
1039 1568 1294 1628 ducunt.
1345 1568 1445 1629 Ob
1485 1589 1648 1650 quae
1685 1569 1743 1631 ei
1782 1568 2036 1652 amplis—

329 1661 471 1720 simi
503 1669 567 1719 et
589 1656 789 1716 divini
833 1656 1103 1718 honores
1139 1680 1174 1716 a
1213 1657 1444 1716 Senatu
1483 1657 1716 1717 decreti
1750 1670 1912 1716 sunt.
1961 1656 2037 1735 b)

327 1745 571 1820 Quibus
618 1745 820 1805 modis
876 1748 1112 1805 Caesar
1166 1748 1466 1805 Romanis
1510 1747 1875 1805 servitutem
1923 1748 2040 1803 im-

329 1837 541 1922 posuit
565 1880 581 1909 ,
650 1847 843 1917 atque
894 1837 977 1894 ita
1013 1837 1334 1894 Romanae
1375 1830 1776 1893 Monarchiae
1816 1831 2041 1895 funda-

329 1937 540 1986 menta
578 1920 725 2006 jecit
750 1967 767 1996 ,
828 1923 974 1983 licet
1015 1921 1148 2005 ejus
1186 1921 1461 1983 fructum
1501 1943 1761 2004 carpere
1805 1921 2042 1980 invidia

334 2033 594 2075 suorum
647 2033 775 2071 non
827 2013 1141 2094 potuerit3
1211 2033 1410 2095 quum
1463 2013 1632 2071 enim
1686 2007 2041 2069 Parthicam

333 2113 664 2186 appararet
704 2100 1205 2183 expeditionem,
1265 2098 1589 2160 insolentia
1637 2097 1861 2175 elatus,
1927 2100 2045 2159 Se-
2084 2180 2087 2181 ⁷

338 2205 558 2251 natum
602 2200 1004 2250 contemnere
1060 2203 1123 2250 et
1152 2210 1419 2272 regnum
1460 2188 1750 2247 affectare
1797 2190 2045 2270 coepit3

339 2301 537 2363 quare
569 2275 718 2335 dum
758 2281 1086 2338 Octaviam
1118 2291 1413 2360 nepotem
1448 2276 1826 2359 adoptasset,
1869 2298 2046 2336 eum-

341 2390 469 2450 que
493 2363 826 2426 haeredem
859 2368 1257 2440 instituisset,
1291 2363 1540 2426 tandem
1574 2366 1798 2447 quinto
1836 2366 2046 2424 Dicta-

347 2469 527 2514 turae
566 2476 729 2513 anno
758 2499 774 2528 ‚
836 2478 871 2514 a
911 2458 1121 2515 Bruto
1146 2501 1161 2530 ,
1208 2456 1413 2515 Cassio
1452 2451 1714 2536 aliisque
1755 2451 2047 2535 conjura-

346 2546 460 2616 tis,
507 2546 573 2601 in
613 2544 801 2602 Curia
834 2543 1135 2627 Pompeji.
1189 2545 1288 2604 25.
1328 2540 1645 2603 confossus
1676 2541 2050 2601 vulneribus

352 2633 611 2692 interiit,
675 2630 746 2710 c)
794 2633 1090 2692 Ceterum
1128 2631 1374 2694 sublato
1414 2633 1746 2712 Tyranno,
1803 2630 2048 2711 Tyran-=

352 2722 450 2780 nis
488 2722 746 2796 mansit,
794 2735 855 2781 et
899 2743 1047 2782 mox
1084 2735 1377 2784 exortum
1417 2733 1543 2795 est,
1851 2776 1946 2837 ΠΙ

423 2896 498 2968 α)
537 2896 677 2953 Vell.
715 2893 894 2950 Pater.
940 2894 1007 2951 L.
1043 2892 1092 2946 2.
1129 2893 1378 2946 Svetonis
1417 2910 1464 2947 c.
1499 2889 1584 2942 37.
1627 2888 1697 2955 b)
1749 2889 1938 2967 Yellej.
1982 2890 2049 2944 L.

491 2965 723 3044 “L-HQ·
760 2964 822 3015 L.
854 2964 917 3042 ,4.
963 2983 1010 3017 ο.
1048 2965 1098 3018 2.
1142 2965 1370 3036 Appian.
1399 2961 1654 3042 ‘debello
1699 2960 1962 3037 C1v1l5L.
1997 2960 2048 3011 2.

490 3035 554 3102 c)
592 3036 716 3092 Lw.
762 3036 907 3104 Epit.
953 3035 1022 3091 L.
1064 3033 1182 3087 116.
1238 3035 1436 3099 Velle).
1473 3040 1604 3107 stem
1651 3029 1957 3107 Svetomus.
1997 3049 2050 3084 c,

491 3105 582 3227 {ils
625 3103 713 3160 82.
749 3104 988 3177 Appian.
1024 3105 1086 3158 L.
1125 3104 1175 3166 2,
1217 3104 1283 3158 de
1318 3100 1446 3159 bell.
1485 3100 1640 3154 Csvll.
1672 3100 1773 3153 Dio
1811 3101 1955 3154 Cass.
1985 3098 2046 3151 L„

570 3212 583 3229 .
622 3192 777 3247 seqq.
1156 3211 1158 3213 -
