2097 3726
545 163 818 217 Romano
859 158 1230 216 Germanici.
1529 156 1565 216 5
1579 173 1604 217 1
1617 176 1657 240 9

37 335 199 422 perii
240 333 653 414 brevitatem,
723 331 1013 396 felicitate
1057 345 1119 393 et
1165 333 1581 395 victoriarum
1621 332 1746 394 cla-

36 422 315 495 ritudine
354 421 605 484 abunde
641 424 1089 505 compensavit.
1159 422 1404 495 Quibus
1444 424 1617 482 curis
1652 422 1753 482 di-

41 524 302 572 stractus
348 514 650 589 Joseplms
698 514 746 570 I.
783 509 934 571 dum
979 510 1422 594 Imperialibus
1466 512 1750 572 Comitiis

39 601 597 663 'Ratisbonensibus
623 599 946 673 adfuisset,
988 598 1237 667 insolito
1268 599 1573 683 langvore
1610 621 1753 662 cor-

41 704 290 773 reptus,
375 702 514 775 post
568 703 807 774 septem
866 687 996 749 dies
1048 686 1345 755 feralibus
1399 688 1654 750 variolis
1699 711 1751 747 a.

49 782 235 840 1711.
286 782 499 842 aetatis
548 781 648 840 55.
694 779 958 862 Imperii
999 778 1055 839 6.
1098 790 1388 839 mortuus
1427 789 1536 837 est.
1598 778 1756 838 Cor-

44 890 159 951 pus
200 870 515 952 Majorum
560 867 821 928 tumulis
866 867 1147 932 Viennae
1194 865 1440 927 illatum
1470 877 1577 930 est.

220 959 379 1017 LIII.
436 959 698 1021 Carolus
754 957 870 1016 VI.
934 954 1128 1016 frater
1181 955 1440 1033 Joseplzi
1501 955 1554 1013 I.
1600 958 1758 1037 Imp.

45 1065 117 1117 ac
157 1048 344 1128 proin
393 1044 612 1107 iisdem
666 1042 1036 1132 parentibus
1079 1057 1261 1104 natus
1318 1046 1610 1105 Uxorem
1652 1041 1764 1102 ha-

44 1133 187 1194 huit
227 1137 664 1195 Elisccbetlzcmz
709 1135 1143 1193 Christianam
1171 1135 1484 1196 Luclovici
1520 1134 1764 1192 Radol-

41 1225 163 1303 pla·
208 1225 395 1284 Ducis
436 1218 1370 1305 Brunsvico-Quelpherhitani
1402 1221 1637 1297 filiam,
1685 1241 1766 1282 ex

49 1335 174 1392 qua
223 1315 497 1397 suscepit
541 1316 926 1391 Leopolclccm
984 1311 1162 1373 brevi
1206 1326 1563 1386 mortuum,
1613 1312 1766 1370 item

46 1398 238 1473 filiam
290 1405 582 1462 filariam
656 1404 1018 1464 Ther-esiam
1043 1445 1060 1474 ‚
1141 1404 1483 1461 Franci-sco
1533 1396 1769 1460 Lotha-

49 1493 293 1572 ringiae
339 1503 401 1552 et
443 1493 786 1553 Hetruriae
832 1492 1064 1574 Magno
1105 1491 1268 1551 Duci
1308 1502 1521 1575 postea
1561 1490 1769 1572 Impe-

49 1581 248 1649 ratori
297 1594 574 1664 nuptam.
625 1583 715 1640 M.
770 1583 1025 1638 Almam
1091 1582 1334 1643 Carolo‘
1362 1580 1771 1656 Lotl'zaringo

51 1668 252 1752 Belgii
298 1669 728 1730 Gubernatori
768 1667 1201 1753 desponsatam
1236 1666 1348 1730 sed
1378 1667 1562 1728 brevi
1600 1687 1774 1725 mor-

51 1771 262 1829 tuam,
328 1771 393 1819 et
437 1761 728 1820 Mariam
765 1760 1094 1816 Amaliccm
1137 1779 1335 1842 aeque
1370 1770 1616 1816 mature
1666 1752 1774 1815 de-

53 1843 333 1919 functam
377 1849 641 1911 Carolus
687 1851 760 1906 V
751 1849 803 1906 I.
851 1861 923 1906 ut
963 1845 1235 1907 vidimus
1283 1845 1406 1906 fuit
1439 1845 1776 1930 Hispania-

54 1958 198 2001 rum
252 1937 392 1996 Rex
440 1937 788 1998 declaratus
834 1958 881 1994 a.
943 1938 1110 1997 1105
1156 1935 1356 2000 fratre
1395 1956 1552 1995 vero
1599 1934 1774 1991 [086-

42 2028 178 2103 plzo
245 2027 553 2089 exstincto
631 2027 987 2109 Imperator
1057 2026 1432 2086 Germaniae
1509 2022 1773 2096 electus,

56 2109 472 2199 amplioribus
541 2116 788 2181 viribus
856 2112 950 2198 jus
1007 2135 1195 2174 suum
1264 2117 1332 2175 in
1406 2113 1776 2198 Hispaniam

58 2206 359 2286 prosequi
424 2209 647 2288 potuit.
735 2205 979 2265 Verum
1052 2200 1202 2265 haec
1267 2200 1647 2266 conferenda
1713 2203 1778 2260 in

60 2314 259 2351 unum
308 2294 668 2378 Principem
707 2295 1017 2375 potentia,
1079 2296 1128 2352 si
1162 2296 1464 2354 nimirum
1514 2286 1779 2351 Carolus

61 2401 205 2441 cum
245 2379 673 2444 haereditariis
713 2384 836 2448 suis
879 2383 1065 2441 terris
1104 2382 1475 2468 Hispaniam
1521 2402 1778 2464 quoque

63 2470 414 2547 obtineret,
480 2474 722 2532 cunctis
777 2471 1223 2554 Principibus,
1269 2469 1596 2554 politicum
1647 2471 1777 2528 Eu-

64 2580 257 2642 ropae
292 2562 742 2644 aequilibrium
774 2575 838 2621 et
862 2558 1117 2620 libertas
1158 2560 1560 2644 regnantium
1596 2560 1777 2617 Prin-

66 2652 280 2730 cipum
323 2651 386 2709 in
426 2650 824 2714 manifestum
865 2649 1216 2733 periculum
1253 2646 1640 2732 conjicienda
1681 2647 1781 2705 vi·-

67 2735 369 2796 debatur:
431 2761 628 2821 quare
687 2738 993 2799 foederati
1044 2741 1366 2824 Principes
1423 2738 1604 2797 1715.
1674 2737 1783 2793 Ul-

69 2830 335 2904 trajecti
381 2826 457 2885 ad
507 2828 798 2889 Rhenum
846 2831 1243 2910 conoregatss
1307 2824 1400 2885 his
1447 2826 1783 2909 praecipue

71 2916 383 2998 capitibus
436 2916 843 2978 desideratam
902 2874 1116 3000 patcem
1159 2936 1542 3000 componere
1596 2915 1780 2972 insti-

75 3017 370 3082 tuerunt3
437 3020 506 3067 ut
565 3007 904 3092 Hispaniae
961 3002 1389 3070 Monarchiam
1453 3005 1780 3086 Philippus

966 3101 969 3106 ’
1616 3099 1691 3153 V.
