2097 3726
496 200 799 262 Ili-storia
844 197 1414 278 Longobardorum.
1581 221 1613 269 2
1632 219 1655 261 1
1667 203 1706 263 9

280 380 445 438 VIII.
496 375 1040 453 Longobardi
1078 394 1184 435 seu
1217 375 1647 461 Langobardi,
1692 377 1794 438 vel

102 491 133 531 a
188 465 449 551 prolixis
511 466 759 536 barbi3‚
854 462 952 530 vel
1016 485 1050 521 a
1103 462 1334 524 Celtica
1375 478 1558 548 gente
1614 470 1795 528 Bar-2

95 562 352 630 doram,
429 552 529 613 vel
560 575 594 611 a
635 551 831 635 longis
858 596 874 625 ,
945 573 1092 634 quas
1131 564 1447 635 gestarunt
1480 559 1758 631 frameis
1772 602 1794 631 ,

95 646 299 705 vocati
352 656 508 702 sunt.
593 639 763 699 Alias
812 652 945 699 erat
996 662 1145 721 gens
1188 646 1570 723 germanica,
1632 665 1794 726 quae

92 735 298 818 prima
348 731 483 789 vice
527 751 604 788 ex
662 725 944 788 Marchia
1001 729 1508 813 Brandeburgica
1551 734 1615 789 in
1658 734 1791 793 Ru-

94 819 466 904 gilandiam‚
523 836 631 877 seu
670 814 1037 884 hodiernam
1087 818 1437 878 Moraviam
1483 821 1793 902 migravit,

96 903 497 990 Longobardi
525 903 819 970 defuncto
865 908 1239 968 Theodorico
1267 907 1794 991 Ostrogothorum,

90 1018 270 1078 rege,
359 995 742 1057 Pannoniam
814 1010 1239 1078 occuparunt,
1308 996 1417 1057 ubi
1490 997 1793 1080 GepidaS‚

89 1084 440 1145 Gothorum
477 1094 723 1165 gentem
750 1128 765 1157 ‚
814 1105 973 1167 quae
1008 1085 1391 1144 Hunnorum
1425 1081 1643 1167 jugum
1680 1107 1788 1146 ex-

88 1185 389 1245 cusserat,
460 1171 859 1254 subegerunt.
941 1172 1083 1232 Non
1144 1171 1370 1233 desunt
1433 1177 1621 1233 etiam
1676 1176 1786 1256 qui

83 1258 533 1344 Longobardos
579 1283 610 1318 a
656 1264 815 1319 mari
857 1258 1132 1321 Balthico
1174 1260 1490 1322 advenisse
1540 1261 1789 1335 dicunt,

82 1349 240 1419 duce
271 1350 574 1415 Acccloitzo.
623 1350 921 1418 Ceterum
955 1347 1105 1418 haec
1135 1371 1282 1431 gens
1308 1353 1469 1410 circa
1503 1374 1596 1414 an.
1642 1349 1786 1416 526.

83 1441 145 1498 in
192 1439 576 1498 Pannoniam
637 1441 928 1513 venienS‚
991 1452 1064 1504 ut
1111 1438 1230 1496 sibi
1284 1436 1529 1500 firmam
1580 1436 1789 1503 sedem

83 1541 368 1609 pararet,
405 1525 486 1604 a)
524 1548 616 1590 an,
664 1526 805 1585 551.
842 1525 1000 1587 duce
1033 1528 1291 1583 Alboino
1331 1524 1602 1609 Gepidas
1637 1547 1788 1592 mox

80 1618 146 1683 in
194 1628 565 1699 potestatem
605 1613 881 1696 redegit,
929 1615 1234 1676 Alboinas
1273 1610 1372 1672 hic
1409 1615 1591 1672 ducta
1634 1635 1792 1673 uxo-

83 1725 154 1764 re
202 1706 619 1775 Rosimzindci,
704 1705 887 1762 occisi
946 1700 1334 1785 Gepidarum
1380 1705 1544 1784 regis
1603 1704 1791 1760 Cani-⁷

81 1795 295 1858 mundi
344 1791 504 1862 filia,
574 1791 753 1851 brevi
815 1813 846 1857 a
895 1794 1172 1850 IVarsete
1219 1804 1436 1855 contra
1491 1791 1792 1872 Ostrogo-

80 1878 218 1941 thos
259 1883 320 1940 in
358 1880 595 1945 Italiam
630 1893 919 1945 evocatus
941 1926 956 1955 ‚
1004 1880 1127 1939 suis
1156 1901 1299 1940 cum
1332 1879 1786 1961 Longoba1⁴di8‚

81 1971 227 2033 item
277 1969 628 2029 Saxonibus
683 1982 747 2029 et
803 1967 1059 2052 Gepidis
1111 1968 1194 2046 b)
1242 1968 1504 2051 aliisque
1555 1966 1785 2028 barba-

80 2060 204 2130 ris,
249 2057 482 2120 Italiam
526 2059 874 2140 ingressus,
922 2056 1087 2116 felici
1130 2073 1452 2123 armorum
1500 2078 1781 2118 successu

83 2143 216 2209 fere
270 2159 462 2216 totam
521 2167 868 2230 occupans,
957 2148 1157 2205 Ticini
1204 2159 1343 2228 post
1395 2145 1786 2214 triennialem

86 2232 506 2308 obsidionem,
554 2233 695 2295 sede
730 2237 901 2318 regia
934 2229 1050 2294 sibi
1088 2235 1457 2308 constituta,
1504 2257 1600 2294 an.
1641 2236 1784 2313 5710

87 2322 228 2392 Rex
274 2321 487 2380 Italiae
512 2323 796 2390 salutatus
839 2336 962 2383 est:
1011 2321 1184 2408 cujus
1227 2344 1493 2406 regnum
1539 2326 1790 2400 Longo-

1553 2413 1702 2469 bar-

154 2576 231 2651 a)
270 2579 347 2629 De
378 2578 541 2648 gestis
578 2579 1069 2649 Longobardorum
1140 2583 1354 2652 egregie
1390 2582 1609 2639 disserit
1644 2582 1702 2645 in
1732 2580 1785 2646 6,

225 2650 399 2701 libris.
440 2648 724 2713 winfrid,
782 2649 1124 2708 Waruefridi
1163 2653 1348 2714 filius,
1408 2654 1538 2705 alias
1586 2652 1782 2703 Paulus

225 2720 495 2773 Diaconus
534 2719 728 2772 dictus,
784 2725 916 2772 Item
973 2720 1185 2790 Wolfg,
1228 2723 1443 2787 Lazius,
1483 2725 1546 2776 L.
1586 2719 1668 2785 12,
1721 2719 1788 2770 de

225 2791 446 2858 migrat.
510 2790 790 2849 Gentium.
849 2791 1046 2848 Matth.
1106 2791 1439 2849 Praetorius,
1509 2792 1566 2842 in
1631 2790 1781 2842 orbe.

228 2860 393 2914 Goth.
432 2862 494 2913 L.
542 2859 591 2913 3.
648 2880 692 2912 c.
741 2861 788 2913 5.
848 2859 1186 2919 VVarnefrid.
1235 2863 1296 2914 L.
1346 2860 1397 2920 1.
1438 2879 1486 2918 θ.
1530 2859 1613 2914 22.
1671 2878 1785 2930 seq,

230 2931 469 2986 Francis,
520 2931 694 2988 Foris,
749 2931 1485 3002 Otrokocffluffl-Hungaru&
1539 2933 1683 2984 Part.
1744 2934 1785 2984 Ι.

233 3022 281 3057 c.
320 3003 368 3055 5.
407 3002 448 3068 ξ.
489 3000 573 3054 23.
611 3000 673 3062 b)
715 3001 1058 3057 VVarnefrid.
1097 3002 1157 3063 L.
1192 3002 1242 3055 2.
1279 3023 1326 3066 c,
1370 3003 1416 3056 5.
1457 3004 1507 3057 6.
1543 3001 1593 3059 7.
1632 3003 1779 3057 Paul.

232 3072 379 3137 Diae.
412 3073 468 3125 in
513 3072 731 3127 Contin.
766 3073 1035 3146 Eutropii.
1076 3074 1139 3132 L.
1180 3071 1264 3126 18.
