<?xml version="1.0" encoding="UTF-8"?>
<!DOCTYPE html PUBLIC "-//W3C//DTD XHTML 1.0 Transitional//EN"
    "http://www.w3.org/TR/xhtml1/DTD/xhtml1-transitional.dtd">
<html xmlns="http://www.w3.org/1999/xhtml" xml:lang="en" lang="en">
 <head>
  <title>
</title>
<meta http-equiv="Content-Type" content="text/html;charset=utf-8" />
  <meta name='ocr-system' content='tesseract 3.04.00' />
  <meta name='ocr-capabilities' content='ocr_page ocr_carea ocr_par ocr_line ocrx_word'/>
</head>
<body>
  <div class='ocr_page' id='page_1' title='image "./historiauniversa02nagy_0283.png"; bbox 0 0 2097 3726; ppageno 0'>
   <div class='ocr_carea' id='block_1_1' title="bbox 501 154 1650 228">
    <p class='ocr_par' dir='ltr' id='par_1_1' title="bbox 501 154 1650 228">
     <span class='ocr_line' id='line_1_1' title="bbox 501 154 1650 228; baseline -0.01 0"><span class='ocrx_word' id='word_1_1' title='bbox 501 172 781 228; x_wconf 81' lang='lat' dir='ltr'>Romano</span> <span class='ocrx_word' id='word_1_2' title='bbox 840 164 1226 225; x_wconf 79' lang='lat' dir='ltr'>Graecanici.</span> <span class='ocrx_word' id='word_1_3' title='bbox 1531 154 1614 217; x_wconf 79' lang='lat'>26</span> <span class='ocrx_word' id='word_1_4' title='bbox 1626 175 1650 217; x_wconf 87' lang='lat'>1</span> 
     </span>
    </p>
   </div>
   <div class='ocr_carea' id='block_1_2' title="bbox 0 333 1788 2995">
    <p class='ocr_par' dir='ltr' id='par_1_2' title="bbox 0 333 1788 2995">
     <span class='ocr_line' id='line_1_2' title="bbox 41 333 1757 426; baseline -0.006 -19"><span class='ocrx_word' id='word_1_5' title='bbox 41 347 308 415; x_wconf 74' lang='lat' dir='ltr'>TarsuS,</span> <span class='ocrx_word' id='word_1_6' title='bbox 387 345 609 426; x_wconf 63' lang='lat' dir='ltr'>Lycia,</span> <span class='ocrx_word' id='word_1_7' title='bbox 681 338 1059 425; x_wconf 75' lang='lat' dir='ltr'>Pamphylia.</span> <span class='ocrx_word' id='word_1_8' title='bbox 1125 374 1212 387; x_wconf 86' lang='lat'><strong>-—-·</strong></span> <span class='ocrx_word' id='word_1_9' title='bbox 1284 338 1588 397; x_wconf 76' lang='lat' dir='ltr'>Alauduli</span> <span class='ocrx_word' id='word_1_10' title='bbox 1645 333 1757 398; x_wconf 80' lang='lat' dir='ltr'>ubi</span> 
     </span>
     <span class='ocr_line' id='line_1_3' title="bbox 41 426 1756 509; baseline -0.004 -17"><span class='ocrx_word' id='word_1_11' title='bbox 41 435 196 494; x_wconf 81' lang='lat' dir='ltr'>urbs</span> <span class='ocrx_word' id='word_1_12' title='bbox 248 435 512 494; x_wconf 83' lang='lat' dir='ltr'>Maracz.</span> <span class='ocrx_word' id='word_1_13' title='bbox 581 433 639 491; x_wconf 90' lang='lat' dir='ltr'>II</span> <span class='ocrx_word' id='word_1_14' title='bbox 689 432 940 491; x_wconf 72' lang='lat' dir='ltr'>Arabia</span> <span class='ocrx_word' id='word_1_15' title='bbox 1007 439 1142 489; x_wconf 77' lang='lat' dir='ltr'>erat</span> <span class='ocrx_word' id='word_1_16' title='bbox 1201 426 1469 509; x_wconf 79' lang='lat' dir='ltr'>triplex,</span> <span class='ocrx_word' id='word_1_17' title='bbox 1530 445 1756 509; x_wconf 84' lang='lat' dir='ltr'>nempe</span> 
     </span>
     <span class='ocr_line' id='line_1_4' title="bbox 41 514 1764 597; baseline -0.006 -13"><span class='ocrx_word' id='word_1_18' title='bbox 41 525 318 597; x_wconf 82' lang='lat' dir='ltr'>Petraea,</span> <span class='ocrx_word' id='word_1_19' title='bbox 367 523 662 593; x_wconf 82' lang='lat' dir='ltr'>Deserta,</span> <span class='ocrx_word' id='word_1_20' title='bbox 713 533 772 580; x_wconf 83' lang='lat' dir='ltr'>et</span> <span class='ocrx_word' id='word_1_21' title='bbox 813 519 1009 591; x_wconf 77' lang='lat' dir='ltr'>Felix,</span> <span class='ocrx_word' id='word_1_22' title='bbox 1050 516 1157 576; x_wconf 86' lang='lat' dir='ltr'>ubi</span> <span class='ocrx_word' id='word_1_23' title='bbox 1192 518 1409 576; x_wconf 86' lang='lat' dir='ltr'>civitas</span> <span class='ocrx_word' id='word_1_24' title='bbox 1447 514 1659 574; x_wconf 87' lang='lat' dir='ltr'>Mecca</span> <span class='ocrx_word' id='word_1_25' title='bbox 1699 525 1764 573; x_wconf 88' lang='lat' dir='ltr'>et</span> 
     </span>
     <span class='ocr_line' id='line_1_5' title="bbox 0 599 1762 689; baseline -0.007 -16"><span class='ocrx_word' id='word_1_26' title='bbox 0 611 293 673; x_wconf 71' lang='lat' dir='ltr'>³Medina</span> <span class='ocrx_word' id='word_1_27' title='bbox 363 626 468 670; x_wconf 78' lang='lat' dir='ltr'>est.</span> <span class='ocrx_word' id='word_1_28' title='bbox 546 611 654 668; x_wconf 89' lang='lat' dir='ltr'>III.</span> <span class='ocrx_word' id='word_1_29' title='bbox 723 611 922 685; x_wconf 78' lang='lat' dir='ltr'>Syria</span> <span class='ocrx_word' id='word_1_30' title='bbox 986 621 1110 666; x_wconf 87' lang='lat' dir='ltr'>tres</span> <span class='ocrx_word' id='word_1_31' title='bbox 1169 603 1526 689; x_wconf 82' lang='lat' dir='ltr'>provincias</span> <span class='ocrx_word' id='word_1_32' title='bbox 1559 599 1762 661; x_wconf 83' lang='lat' dir='ltr'>habu-</span> 
     </span>
     <span class='ocr_line' id='line_1_6' title="bbox 46 690 1761 776; baseline -0.006 -16"><span class='ocrx_word' id='word_1_33' title='bbox 46 705 113 775; x_wconf 85' lang='lat' dir='ltr'>it,</span> <span class='ocrx_word' id='word_1_34' title='bbox 143 703 233 758; x_wconf 85' lang='lat' dir='ltr'>uti</span> <span class='ocrx_word' id='word_1_35' title='bbox 274 702 613 776; x_wconf 62' lang='lat' dir='ltr'>Syriacam</span> <span class='ocrx_word' id='word_1_36' title='bbox 649 720 757 757; x_wconf 87' lang='lat' dir='ltr'>seu</span> <span class='ocrx_word' id='word_1_37' title='bbox 798 700 1233 774; x_wconf 78' lang='lat' dir='ltr'>Aleppensem,</span> <span class='ocrx_word' id='word_1_38' title='bbox 1282 691 1392 752; x_wconf 86' lang='lat' dir='ltr'>ubi</span> <span class='ocrx_word' id='word_1_39' title='bbox 1437 705 1528 752; x_wconf 81' lang='lat' dir='ltr'>est</span> <span class='ocrx_word' id='word_1_40' title='bbox 1563 690 1761 774; x_wconf 87' lang='lat' dir='ltr'>Alep-</span> 
     </span>
     <span class='ocr_line' id='line_1_7' title="bbox 47 781 1769 873; baseline -0.007 -25"><span class='ocrx_word' id='word_1_41' title='bbox 47 813 166 873; x_wconf 72' lang='lat' dir='ltr'>pn,</span> <span class='ocrx_word' id='word_1_42' title='bbox 227 790 447 863; x_wconf 82' lang='lat' dir='ltr'>Cair0‚</span> <span class='ocrx_word' id='word_1_43' title='bbox 498 784 830 845; x_wconf 83' lang='lat' dir='ltr'>Antiochia</span> <span class='ocrx_word' id='word_1_44' title='bbox 876 800 940 847; x_wconf 89' lang='lat' dir='ltr'>et</span> <span class='ocrx_word' id='word_1_45' title='bbox 985 781 1418 858; x_wconf 83' lang='lat' dir='ltr'>Alexandria3</span> <span class='ocrx_word' id='word_1_46' title='bbox 1483 814 1564 824; x_wconf 90' lang='lat'>—</span> <span class='ocrx_word' id='word_1_47' title='bbox 1629 781 1769 837; x_wconf 86' lang='lat' dir='ltr'>Tri-</span> 
     </span>
     <span class='ocr_line' id='line_1_8' title="bbox 34 866 1766 960; baseline -0.007 -23"><span class='ocrx_word' id='word_1_48' title='bbox 34 882 439 957; x_wconf 68' lang='lat' dir='ltr'>politanum,</span> <span class='ocrx_word' id='word_1_49' title='bbox 484 876 590 934; x_wconf 79' lang='lat' dir='ltr'>ubi</span> <span class='ocrx_word' id='word_1_50' title='bbox 636 891 727 936; x_wconf 88' lang='lat' dir='ltr'>est</span> <span class='ocrx_word' id='word_1_51' title='bbox 776 874 1051 960; x_wconf 82' lang='lat' dir='ltr'>Tripolis</span> <span class='ocrx_word' id='word_1_52' title='bbox 1078 919 1091 943; x_wconf 86' lang='lat'>,</span> <span class='ocrx_word' id='word_1_53' title='bbox 1141 874 1319 932; x_wconf 66' lang='lat' dir='ltr'>Sosia</span> <span class='ocrx_word' id='word_1_54' title='bbox 1350 914 1365 942; x_wconf 94' lang='lat'>,</span> <span class='ocrx_word' id='word_1_55' title='bbox 1413 882 1477 929; x_wconf 87' lang='lat' dir='ltr'>et</span> <span class='ocrx_word' id='word_1_56' title='bbox 1523 866 1766 948; x_wconf 79' lang='lat' dir='ltr'>Palmy-</span> 
     </span>
     <span class='ocr_line' id='line_1_9' title="bbox 47 954 1764 1042; baseline -0.008 -16"><span class='ocrx_word' id='word_1_57' title='bbox 47 992 149 1042; x_wconf 74' lang='lat'>1··.1;</span> <span class='ocrx_word' id='word_1_58' title='bbox 198 1001 281 1010; x_wconf 91' lang='lat'>——</span> <span class='ocrx_word' id='word_1_59' title='bbox 328 967 478 1024; x_wconf 83' lang='lat' dir='ltr'>item</span> <span class='ocrx_word' id='word_1_60' title='bbox 521 968 1014 1023; x_wconf 78' lang='lat' dir='ltr'>Damccscenam.</span> <span class='ocrx_word' id='word_1_61' title='bbox 1057 998 1140 1009; x_wconf 93' lang='lat'>—-</span> <span class='ocrx_word' id='word_1_62' title='bbox 1171 963 1243 1021; x_wconf 89' lang='lat' dir='ltr'>In</span> <span class='ocrx_word' id='word_1_63' title='bbox 1290 962 1556 1034; x_wconf 77' lang='lat' dir='ltr'>Europa</span> <span class='ocrx_word' id='word_1_64' title='bbox 1597 954 1764 1037; x_wconf 88' lang='lat' dir='ltr'>ejus-</span> 
     </span>
     <span class='ocr_line' id='line_1_10' title="bbox 49 1045 1769 1138; baseline -0.008 -23"><span class='ocrx_word' id='word_1_65' title='bbox 49 1077 174 1138; x_wconf 83' lang='lat' dir='ltr'>que</span> <span class='ocrx_word' id='word_1_66' title='bbox 217 1055 479 1128; x_wconf 79' lang='lat' dir='ltr'>vicinia,</span> <span class='ocrx_word' id='word_1_67' title='bbox 534 1054 898 1127; x_wconf 75' lang='lat' dir='ltr'>Albaniam,</span> <span class='ocrx_word' id='word_1_68' title='bbox 968 1053 1265 1135; x_wconf 83' lang='lat' dir='ltr'><strong>Epirum,</strong></span> <span class='ocrx_word' id='word_1_69' title='bbox 1312 1045 1769 1118; x_wconf 88' lang='lat' dir='ltr'>Macedoniam,</span> 
     </span>
     <span class='ocr_line' id='line_1_11' title="bbox 53 1132 1768 1217; baseline -0.005 -17"><span class='ocrx_word' id='word_1_70' title='bbox 53 1141 462 1217; x_wconf 71' lang='lat' dir='ltr'><strong>Thessaliam,</strong></span> <span class='ocrx_word' id='word_1_71' title='bbox 512 1143 876 1216; x_wconf 83' lang='lat' dir='ltr'>Livadiam,</span> <span class='ocrx_word' id='word_1_72' title='bbox 926 1142 1250 1212; x_wconf 62' lang='lat' dir='ltr'>M&#39;oream,</span> <span class='ocrx_word' id='word_1_73' title='bbox 1300 1140 1448 1199; x_wconf 85' lang='lat' dir='ltr'>item</span> <span class='ocrx_word' id='word_1_74' title='bbox 1498 1132 1768 1194; x_wconf 83' lang='lat' dir='ltr'>Insulas:</span> 
     </span>
     <span class='ocr_line' id='line_1_12' title="bbox 56 1223 1774 1313; baseline -0.014 -10"><span class='ocrx_word' id='word_1_75' title='bbox 56 1230 354 1301; x_wconf 59' lang='lat' dir='ltr'>Calidiam</span> <span class='ocrx_word' id='word_1_76' title='bbox 378 1277 392 1306; x_wconf 85' lang='lat'>,</span> <span class='ocrx_word' id='word_1_77' title='bbox 428 1234 700 1307; x_wconf 79' lang='lat' dir='ltr'>Cretam,</span> <span class='ocrx_word' id='word_1_78' title='bbox 738 1233 1189 1313; x_wconf 80' lang='lat' dir='ltr'>Negroponte‚</span> <span class='ocrx_word' id='word_1_79' title='bbox 1230 1225 1567 1298; x_wconf 86' lang='lat' dir='ltr'>Eubaeam,</span> <span class='ocrx_word' id='word_1_80' title='bbox 1614 1223 1774 1282; x_wconf 92' lang='lat' dir='ltr'>Cor-</span> 
     </span>
     <span class='ocr_line' id='line_1_13' title="bbox 53 1313 1772 1404; baseline -0.008 -25"><span class='ocrx_word' id='word_1_81' title='bbox 53 1320 159 1395; x_wconf 86' lang='lat' dir='ltr'>fu,</span> <span class='ocrx_word' id='word_1_82' title='bbox 206 1318 684 1404; x_wconf 84' lang='lat' dir='ltr'>Cephaloniam,</span> <span class='ocrx_word' id='word_1_83' title='bbox 738 1323 952 1382; x_wconf 87' lang='lat' dir='ltr'>Zante.</span> <span class='ocrx_word' id='word_1_84' title='bbox 1018 1321 1190 1382; x_wconf 87' lang='lat' dir='ltr'>Inter</span> <span class='ocrx_word' id='word_1_85' title='bbox 1231 1338 1386 1399; x_wconf 86' lang='lat' dir='ltr'>quas</span> <span class='ocrx_word' id='word_1_86' title='bbox 1430 1313 1772 1398; x_wconf 84' lang='lat' dir='ltr'>praecipua</span> 
     </span>
     <span class='ocr_line' id='line_1_14' title="bbox 54 1398 1771 1481; baseline -0.006 -12"><span class='ocrx_word' id='word_1_87' title='bbox 54 1408 175 1481; x_wconf 77' lang='lat' dir='ltr'>fuit</span> <span class='ocrx_word' id='word_1_88' title='bbox 210 1413 524 1469; x_wconf 76' lang='lat' dir='ltr'>Romania</span> <span class='ocrx_word' id='word_1_89' title='bbox 566 1414 649 1473; x_wconf 79' lang='lat' dir='ltr'>sio</span> <span class='ocrx_word' id='word_1_90' title='bbox 690 1409 851 1469; x_wconf 85' lang='lat' dir='ltr'>dicta</span> <span class='ocrx_word' id='word_1_91' title='bbox 887 1409 964 1468; x_wconf 84' lang='lat' dir='ltr'>ab</span> <span class='ocrx_word' id='word_1_92' title='bbox 997 1407 1156 1468; x_wconf 85' lang='lat' dir='ltr'>urbe</span> <span class='ocrx_word' id='word_1_93' title='bbox 1193 1398 1771 1481; x_wconf 73' lang='lat' dir='ltr'>Constantinopoli,</span> 
     </span>
     <span class='ocr_line' id='line_1_15' title="bbox 56 1490 1778 1582; baseline -0.008 -25"><span class='ocrx_word' id='word_1_94' title='bbox 56 1521 220 1582; x_wconf 84' lang='lat' dir='ltr'>quae</span> <span class='ocrx_word' id='word_1_95' title='bbox 257 1513 318 1558; x_wconf 86' lang='lat' dir='ltr'>et</span> <span class='ocrx_word' id='word_1_96' title='bbox 352 1522 513 1557; x_wconf 80' lang='lat' dir='ltr'>nova</span> <span class='ocrx_word' id='word_1_97' title='bbox 552 1504 747 1558; x_wconf 77' lang='lat' dir='ltr'>Roma</span> <span class='ocrx_word' id='word_1_98' title='bbox 774 1498 1116 1558; x_wconf 85' lang='lat' dir='ltr'>dicebatur.</span> <span class='ocrx_word' id='word_1_99' title='bbox 1165 1498 1334 1555; x_wconf 73' lang='lat' dir='ltr'>Ilaec</span> <span class='ocrx_word' id='word_1_100' title='bbox 1364 1492 1513 1551; x_wconf 89' lang='lat' dir='ltr'>olim</span> <span class='ocrx_word' id='word_1_101' title='bbox 1568 1490 1778 1546; x_wconf 70' lang='lat' dir='ltr'>Thra-</span> 
     </span>
     <span class='ocr_line' id='line_1_16' title="bbox 55 1575 1775 1672; baseline -0.008 -25"><span class='ocrx_word' id='word_1_102' title='bbox 55 1592 156 1647; x_wconf 79' lang='lat' dir='ltr'>cia</span> <span class='ocrx_word' id='word_1_103' title='bbox 194 1586 315 1656; x_wconf 84' lang='lat' dir='ltr'>fuit</span> <span class='ocrx_word' id='word_1_104' title='bbox 370 1588 629 1672; x_wconf 78' lang='lat' dir='ltr'>apellata</span> <span class='ocrx_word' id='word_1_105' title='bbox 658 1636 673 1662; x_wconf 83' lang='lat'>,</span> <span class='ocrx_word' id='word_1_106' title='bbox 738 1612 769 1647; x_wconf 88' lang='lat' dir='ltr'>a</span> <span class='ocrx_word' id='word_1_107' title='bbox 831 1589 1085 1646; x_wconf 74' lang='lat' dir='ltr'>Thraca</span> <span class='ocrx_word' id='word_1_108' title='bbox 1125 1578 1450 1664; x_wconf 68' lang='lat' dir='ltr'>Nympha,</span> <span class='ocrx_word' id='word_1_109' title='bbox 1515 1575 1618 1636; x_wconf 82' lang='lat' dir='ltr'>vel</span> <span class='ocrx_word' id='word_1_110' title='bbox 1658 1596 1775 1658; x_wconf 84' lang='lat' dir='ltr'>po·-</span> 
     </span>
     <span class='ocr_line' id='line_1_17' title="bbox 59 1664 1779 1753; baseline -0.008 -19"><span class='ocrx_word' id='word_1_111' title='bbox 59 1678 177 1735; x_wconf 85' lang='lat' dir='ltr'>tius</span> <span class='ocrx_word' id='word_1_112' title='bbox 222 1700 256 1734; x_wconf 88' lang='lat' dir='ltr'>a</span> <span class='ocrx_word' id='word_1_113' title='bbox 304 1675 551 1738; x_wconf 82' lang='lat' dir='ltr'>feritate</span> <span class='ocrx_word' id='word_1_114' title='bbox 595 1691 657 1745; x_wconf 80' lang='lat' dir='ltr'>et</span> <span class='ocrx_word' id='word_1_115' title='bbox 698 1678 1063 1737; x_wconf 80' lang='lat' dir='ltr'>temeritate.</span> <span class='ocrx_word' id='word_1_116' title='bbox 1151 1673 1353 1753; x_wconf 77' lang='lat' dir='ltr'>Regio</span> <span class='ocrx_word' id='word_1_117' title='bbox 1386 1666 1538 1728; x_wconf 86' lang='lat' dir='ltr'>haec</span> <span class='ocrx_word' id='word_1_118' title='bbox 1572 1688 1606 1724; x_wconf 87' lang='lat' dir='ltr'>a</span> <span class='ocrx_word' id='word_1_119' title='bbox 1641 1664 1779 1723; x_wconf 85' lang='lat' dir='ltr'>Ma·-</span> 
     </span>
     <span class='ocr_line' id='line_1_18' title="bbox 56 1764 1776 1846; baseline -0.008 -22"><span class='ocrx_word' id='word_1_120' title='bbox 56 1764 317 1832; x_wconf 83' lang='lat' dir='ltr'>cedonia</span> <span class='ocrx_word' id='word_1_121' title='bbox 388 1769 723 1843; x_wconf 62' lang='lat' dir='ltr'>Strymone</span> <span class='ocrx_word' id='word_1_122' title='bbox 782 1765 926 1825; x_wconf 88' lang='lat' dir='ltr'>fluv.</span> <span class='ocrx_word' id='word_1_123' title='bbox 988 1775 1347 1846; x_wconf 83' lang='lat' dir='ltr'>separatur,</span> <span class='ocrx_word' id='word_1_124' title='bbox 1438 1769 1500 1817; x_wconf 85' lang='lat' dir='ltr'>et</span> <span class='ocrx_word' id='word_1_125' title='bbox 1556 1772 1776 1813; x_wconf 84' lang='lat' dir='ltr'>versus</span> 
     </span>
     <span class='ocr_line' id='line_1_19' title="bbox 55 1841 1776 1936; baseline -0.008 -22"><span class='ocrx_word' id='word_1_126' title='bbox 55 1875 232 1914; x_wconf 84' lang='lat' dir='ltr'>mare</span> <span class='ocrx_word' id='word_1_127' title='bbox 304 1853 592 1936; x_wconf 76' lang='lat' dir='ltr'>frugibus</span> <span class='ocrx_word' id='word_1_128' title='bbox 654 1869 716 1916; x_wconf 83' lang='lat' dir='ltr'>et</span> <span class='ocrx_word' id='word_1_129' title='bbox 783 1854 1102 1914; x_wconf 87' lang='lat' dir='ltr'>frumento</span> <span class='ocrx_word' id='word_1_130' title='bbox 1168 1844 1491 1911; x_wconf 85' lang='lat' dir='ltr'>foecunda.</span> <span class='ocrx_word' id='word_1_131' title='bbox 1564 1841 1776 1902; x_wconf 83' lang='lat' dir='ltr'>Urbes</span> 
     </span>
     <span class='ocr_line' id='line_1_20' title="bbox 108 1932 1775 2026; baseline -0.01 -24"><span class='ocrx_word' id='word_1_132' title='bbox 108 1945 425 2026; x_wconf 81' lang='lat' dir='ltr'>raecipuas</span> <span class='ocrx_word' id='word_1_133' title='bbox 469 1941 690 2003; x_wconf 86' lang='lat' dir='ltr'>habuit</span> <span class='ocrx_word' id='word_1_134' title='bbox 732 1947 1054 2012; x_wconf 69' lang='lat' dir='ltr'>Abderam</span> <span class='ocrx_word' id='word_1_135' title='bbox 1094 1939 1453 2000; x_wconf 67' lang='lat' dir='ltr'>Democriti</span> <span class='ocrx_word' id='word_1_136' title='bbox 1482 1932 1775 2016; x_wconf 84' lang='lat' dir='ltr'>patriam.</span> 
     </span>
     <span class='ocr_line' id='line_1_21' title="bbox 59 1967 1777 2117; baseline -0.009 -24"><span class='ocrx_word' id='word_1_137' title='bbox 59 1967 462 2117; x_wconf 50' lang='lat' dir='ltr'>Ricopolim,</span> <span class='ocrx_word' id='word_1_138' title='bbox 569 2032 1098 2117; x_wconf 79' lang='lat' dir='ltr'>Philippopolim,</span> <span class='ocrx_word' id='word_1_139' title='bbox 1210 2020 1734 2105; x_wconf 80' lang='lat' dir='ltr'>Hadrianopolim</span> <span class='ocrx_word' id='word_1_140' title='bbox 1760 2064 1777 2093; x_wconf 90' lang='lat'>,</span> 
     </span>
     <span class='ocr_line' id='line_1_22' title="bbox 64 2111 1779 2205; baseline -0.009 -23"><span class='ocrx_word' id='word_1_141' title='bbox 64 2120 571 2205; x_wconf 81' lang='lat' dir='ltr'>Trajanopolim,</span> <span class='ocrx_word' id='word_1_142' title='bbox 660 2122 1115 2205; x_wconf 65' lang='lat' dir='ltr'>Selymbriam,</span> <span class='ocrx_word' id='word_1_143' title='bbox 1208 2111 1583 2180; x_wconf 82' lang='lat' dir='ltr'>Perinthum</span> <span class='ocrx_word' id='word_1_144' title='bbox 1662 2122 1779 2180; x_wconf 73' lang='lat' dir='ltr'>ete,</span> 
     </span>
     <span class='ocr_line' id='line_1_23' title="bbox 65 2194 1769 2291; baseline -0.009 -22"><span class='ocrx_word' id='word_1_145' title='bbox 65 2209 434 2291; x_wconf 82' lang='lat' dir='ltr'>Metropolis</span> <span class='ocrx_word' id='word_1_146' title='bbox 494 2227 585 2272; x_wconf 83' lang='lat' dir='ltr'>est</span> <span class='ocrx_word' id='word_1_147' title='bbox 638 2215 1039 2289; x_wconf 71' lang='lat' dir='ltr'>Byzantium</span> <span class='ocrx_word' id='word_1_148' title='bbox 1094 2233 1126 2275; x_wconf 76' lang='lat' dir='ltr'>a</span> <span class='ocrx_word' id='word_1_149' title='bbox 1191 2204 1514 2266; x_wconf 77' lang='lat' dir='ltr'>Pausania</span> <span class='ocrx_word' id='word_1_150' title='bbox 1564 2194 1769 2259; x_wconf 88' lang='lat' dir='ltr'>condi·</span> 
     </span>
     <span class='ocr_line' id='line_1_24' title="bbox 69 2292 1780 2376; baseline -0.008 -21"><span class='ocrx_word' id='word_1_151' title='bbox 69 2311 239 2367; x_wconf 87' lang='lat' dir='ltr'>tum,</span> <span class='ocrx_word' id='word_1_152' title='bbox 286 2296 468 2365; x_wconf 86' lang='lat' dir='ltr'>hodie</span> <span class='ocrx_word' id='word_1_153' title='bbox 516 2302 1080 2376; x_wconf 70' lang='lat' dir='ltr'>Constantinopolis</span> <span class='ocrx_word' id='word_1_154' title='bbox 1123 2296 1356 2355; x_wconf 85' lang='lat' dir='ltr'>dicitur</span> <span class='ocrx_word' id='word_1_155' title='bbox 1386 2315 1421 2348; x_wconf 87' lang='lat' dir='ltr'>a</span> <span class='ocrx_word' id='word_1_156' title='bbox 1473 2292 1780 2347; x_wconf 79' lang='lat' dir='ltr'>Constan-</span> 
     </span>
     <span class='ocr_line' id='line_1_25' title="bbox 72 2379 1787 2470; baseline -0.005 -24"><span class='ocrx_word' id='word_1_157' title='bbox 72 2389 202 2456; x_wconf 70' lang='lat' dir='ltr'>tino,</span> <span class='ocrx_word' id='word_1_158' title='bbox 234 2387 318 2446; x_wconf 88' lang='grc' dir='ltr'>Μ.</span> <span class='ocrx_word' id='word_1_159' title='bbox 369 2384 524 2470; x_wconf 90' lang='lat' dir='ltr'>Imp.</span> <span class='ocrx_word' id='word_1_160' title='bbox 563 2389 671 2469; x_wconf 84' lang='lat' dir='ltr'>qui</span> <span class='ocrx_word' id='word_1_161' title='bbox 722 2388 867 2458; x_wconf 76' lang='lat' dir='ltr'>illuo</span> <span class='ocrx_word' id='word_1_162' title='bbox 924 2389 1274 2446; x_wconf 85' lang='lat' dir='ltr'>Romanam</span> <span class='ocrx_word' id='word_1_163' title='bbox 1326 2379 1538 2442; x_wconf 87' lang='lat' dir='ltr'>sedem</span> <span class='ocrx_word' id='word_1_164' title='bbox 1579 2381 1787 2459; x_wconf 85' lang='lat' dir='ltr'>Impe-</span> 
     </span>
     <span class='ocr_line' id='line_1_26' title="bbox 71 2469 1785 2557; baseline -0.007 -23"><span class='ocrx_word' id='word_1_165' title='bbox 71 2473 289 2534; x_wconf 80' lang='lat' dir='ltr'>rialem</span> <span class='ocrx_word' id='word_1_166' title='bbox 333 2477 750 2557; x_wconf 69' lang='lat' dir='ltr'>transposuit,</span> <span class='ocrx_word' id='word_1_167' title='bbox 810 2501 842 2535; x_wconf 84' lang='lat' dir='ltr'>a</span> <span class='ocrx_word' id='word_1_168' title='bbox 882 2477 1104 2535; x_wconf 83' lang='lat' dir='ltr'>Turcis</span> <span class='ocrx_word' id='word_1_169' title='bbox 1135 2472 1367 2532; x_wconf 84' lang='lat' dir='ltr'>dicitur</span> <span class='ocrx_word' id='word_1_170' title='bbox 1410 2469 1785 2544; x_wconf 76' lang='lat' dir='ltr'>Stampolda</span> 
     </span>
     <span class='ocr_line' id='line_1_27' title="bbox 73 2558 1787 2645; baseline -0.007 -22"><span class='ocrx_word' id='word_1_171' title='bbox 73 2586 181 2623; x_wconf 85' lang='lat' dir='ltr'>seu</span> <span class='ocrx_word' id='word_1_172' title='bbox 226 2561 426 2645; x_wconf 83' lang='lat' dir='ltr'>ampla</span> <span class='ocrx_word' id='word_1_173' title='bbox 478 2565 745 2637; x_wconf 49' lang='lat' dir='ltr'>Civitas}</span> <span class='ocrx_word' id='word_1_174' title='bbox 814 2563 1009 2623; x_wconf 86' lang='lat' dir='ltr'>multa</span> <span class='ocrx_word' id='word_1_175' title='bbox 1052 2576 1114 2622; x_wconf 87' lang='lat' dir='ltr'>et</span> <span class='ocrx_word' id='word_1_176' title='bbox 1150 2559 1334 2622; x_wconf 83' lang='lat' dir='ltr'>hodie</span> <span class='ocrx_word' id='word_1_177' title='bbox 1376 2558 1787 2639; x_wconf 87' lang='lat' dir='ltr'>reperiuntur</span> 
     </span>
     <span class='ocr_line' id='line_1_28' title="bbox 72 2644 1784 2734; baseline -0.005 -24"><span class='ocrx_word' id='word_1_178' title='bbox 72 2653 461 2733; x_wconf 74' lang='lat' dir='ltr'>antiquitatis</span> <span class='ocrx_word' id='word_1_179' title='bbox 503 2663 945 2726; x_wconf 81' lang='lat' dir='ltr'>monumenta;</span> <span class='ocrx_word' id='word_1_180' title='bbox 993 2651 1327 2734; x_wconf 87' lang='lat' dir='ltr'>praecipua</span> <span class='ocrx_word' id='word_1_181' title='bbox 1369 2658 1544 2705; x_wconf 82' lang='lat' dir='ltr'>sunt:</span> <span class='ocrx_word' id='word_1_182' title='bbox 1594 2644 1784 2703; x_wconf 91' lang='lat' dir='ltr'>Tem-</span> 
     </span>
     <span class='ocr_line' id='line_1_29' title="bbox 73 2732 1785 2825; baseline -0.007 -25"><span class='ocrx_word' id='word_1_183' title='bbox 73 2740 250 2825; x_wconf 81' lang='lat' dir='ltr'>plum</span> <span class='ocrx_word' id='word_1_184' title='bbox 289 2738 591 2823; x_wconf 85' lang='lat' dir='ltr'>Sophiae,</span> <span class='ocrx_word' id='word_1_185' title='bbox 640 2766 673 2799; x_wconf 87' lang='lat' dir='ltr'>a</span> <span class='ocrx_word' id='word_1_186' title='bbox 710 2742 958 2799; x_wconf 74' lang='lat' dir='ltr'>sustine</span> <span class='ocrx_word' id='word_1_187' title='bbox 1002 2740 1157 2822; x_wconf 84' lang='lat' dir='ltr'>Imp.</span> <span class='ocrx_word' id='word_1_188' title='bbox 1195 2733 1624 2805; x_wconf 83' lang='lat' dir='ltr'>aedificatum,</span> <span class='ocrx_word' id='word_1_189' title='bbox 1662 2732 1785 2789; x_wconf 92' lang='lat' dir='ltr'>Co-</span> 
     </span>
     <span class='ocr_line' id='line_1_30' title="bbox 76 2818 1788 2913; baseline -0.006 -27"><span class='ocrx_word' id='word_1_190' title='bbox 76 2830 285 2899; x_wconf 82' lang='lat' dir='ltr'>lumna</span> <span class='ocrx_word' id='word_1_191' title='bbox 339 2829 755 2913; x_wconf 85' lang='lat' dir='ltr'>Serpentina,</span> <span class='ocrx_word' id='word_1_192' title='bbox 822 2829 1125 2889; x_wconf 80' lang='lat' dir='ltr'>Palatium</span> <span class='ocrx_word' id='word_1_193' title='bbox 1177 2821 1608 2892; x_wconf 80' lang='lat' dir='ltr'>Constantini,</span> <span class='ocrx_word' id='word_1_194' title='bbox 1671 2818 1788 2879; x_wconf 44' lang='lat' dir='ltr'>Ca?</span> 
     </span>
     <span class='ocr_line' id='line_1_31' title="bbox 77 2905 1788 2995; baseline -0.007 -17"><span class='ocrx_word' id='word_1_195' title='bbox 77 2934 278 2978; x_wconf 87' lang='lat' dir='ltr'>strum</span> <span class='ocrx_word' id='word_1_196' title='bbox 320 2940 554 2978; x_wconf 89' lang='lat' dir='ltr'>novum</span> <span class='ocrx_word' id='word_1_197' title='bbox 581 2967 595 2990; x_wconf 90' lang='lat'><strong><em>‚</em></strong></span> <span class='ocrx_word' id='word_1_198' title='bbox 661 2918 978 2992; x_wconf 75' lang='lat' dir='ltr'>colossus,</span> <span class='ocrx_word' id='word_1_199' title='bbox 1026 2917 1463 2995; x_wconf 86' lang='lat' dir='ltr'>Gynaeceum‚</span> <span class='ocrx_word' id='word_1_200' title='bbox 1527 2920 1587 2968; x_wconf 87' lang='lat' dir='ltr'>et</span> <span class='ocrx_word' id='word_1_201' title='bbox 1619 2905 1788 2967; x_wconf 85' lang='lat' dir='ltr'>Obe-</span> 
     </span>
    </p>
   </div>
   <div class='ocr_carea' id='block_1_3' title="bbox 78 3002 1788 3147">
    <p class='ocr_par' dir='ltr' id='par_1_3' title="bbox 78 3002 1788 3147">
     <span class='ocr_line' id='line_1_32' title="bbox 78 3002 1788 3077; baseline -0.005 -9"><span class='ocrx_word' id='word_1_202' title='bbox 78 3007 243 3077; x_wconf 80' lang='lat' dir='ltr'>lisci,</span> <span class='ocrx_word' id='word_1_203' title='bbox 323 3003 510 3070; x_wconf 72' lang='lat' dir='ltr'>habet</span> <span class='ocrx_word' id='word_1_204' title='bbox 577 3022 638 3069; x_wconf 86' lang='lat' dir='ltr'>et</span> <span class='ocrx_word' id='word_1_205' title='bbox 676 3006 828 3068; x_wconf 87' lang='lat' dir='ltr'>duos</span> <span class='ocrx_word' id='word_1_206' title='bbox 882 3007 1147 3077; x_wconf 82' lang='lat' dir='ltr'>fluviOS,</span> <span class='ocrx_word' id='word_1_207' title='bbox 1187 3003 1279 3062; x_wconf 88' lang='lat' dir='ltr'>uti</span> <span class='ocrx_word' id='word_1_208' title='bbox 1348 3002 1626 3077; x_wconf 71' lang='lat' dir='ltr'>Cydrum</span> <span class='ocrx_word' id='word_1_209' title='bbox 1677 3017 1788 3059; x_wconf 84' lang='lat' dir='ltr'>seu.</span> 
     </span>
     <span class='ocr_line' id='line_1_33' title="bbox 1420 3087 1705 3147; baseline -0.004 -1"><span class='ocrx_word' id='word_1_210' title='bbox 1420 3087 1705 3147; x_wconf 73' lang='lat' dir='ltr'>,Mac-lile-</span> 
     </span>
    </p>
   </div>
  </div>
 </body>
</html>
