2097 3726
573 117 850 172 Romano
900 113 1211 168 Graecani
1215 115 1270 168 ci
1274 157 1284 168 .
1574 113 1607 172 5
1622 134 1651 170 2
1662 134 1699 195 9

98 290 376 367 Digesta
425 310 532 350 seu
604 290 992 360 Pandectae,
1037 285 1149 345 ΙΙΙ.
1198 289 1632 346 Itzstitzctiones
1679 308 1784 346 seu

95 380 434 435 Elementa.
485 379 592 437 IV.
641 379 951 433 Novellae.
992 407 1076 421 --
1125 376 1323 432 Codex
1381 378 1787 436 Constitutio-

95 487 202 525 nes
241 465 586 549 imperiales
621 463 1074 547 complectitur,
1143 466 1421 540 Digesta
1467 486 1569 524 seu
1625 467 1789 521 Pan-

93 558 303 612 electae
348 576 423 613 ex
462 567 742 612 veterum
786 552 940 610 Jure
976 551 1416 610 Consultorum
1452 554 1790 613 Commen-

89 644 266 701 tariis
294 687 310 715 ‚
358 641 702 725 responsiS,
747 640 1008 723 aliisque
1055 643 1298 723 scriptis
1334 640 1638 700 collectae.
1683 644 1791 698 In-

95 734 452 788 stitutiorzes
507 731 834 788 continent
912 729 1229 788 Elementa
1302 751 1404 788 seu
1479 731 1789 811 Principia

93 819 264 878 Juris
312 821 606 877 Novellae
652 829 858 876 autem
916 820 1388 876 constitutiones
1434 832 1571 900 post
1615 819 1788 876 codi-

92 927 226 966 cem
270 905 458 966 editas
499 908 842 966 continent.
934 904 1116 977 Quod
1161 904 1260 986 jus
1321 921 1458 990 post
1509 921 1791 988 tempoia

93 996 442 1053 Justiniani
471 997 698 1054 sensim
736 993 1074 1066 obsolevit,
1113 994 1302 1054 adeo:
1346 1007 1416 1052 ut
1451 1000 1621 1054 solae
1663 999 1793 1051 No-

90 1087 286 1143 vellae
329 1097 550 1168 utpote
595 1085 836 1144 Graeca
882 1082 1089 1165 lingva
1127 1085 1397 1164 scriptae
1440 1105 1792 1165 pelinaiise—

95 1173 240 1230 rint.
333 1168 408 1230 In
465 1170 788 1232 occidente
833 1185 1041 1231 autem
1093 1172 1358 1255 amplius
1405 1171 1614 1231 efferri
1654 1193 1794 1230 coe-

92 1263 187 1343 pit
242 1260 409 1318 circa
453 1284 545 1318 an.
605 1260 784 1326 1186.
832 1283 1029 1342 quum
1068 1259 1360 1320 videlicet
1397 1284 1429 1318 a
1479 1262 1795 1319 Lotlzctrio

91 1350 167 1408 Π.
215 1351 371 1431 Imp.
415 1350 741 1408 Normami
775 1349 950 1408 Italia
985 1348 1239 1408 fuissent
1273 1348 1459 1431 pulsi,
1500 1351 1562 1405 in
1597 1351 1797 1406 fisem-

82 1439 203 1515 plu?
247 1437 408 1497 urbe
470 1452 790 1521 repertum
851 1451 987 1498 erat
1049 1440 1548 1518 antiquissimum
1587 1460 1796 1496 exem-

94 1525 229 1609 plar
271 1523 762 1599 Pandectarum‚
801 1523 974 1608 quod
1015 1522 1159 1584 dein
1213 1548 1247 1582 a
1304 1524 1606 1584 Pontifice
1669 1527 1798 1582 Ro-

93 1636 281 1672 mano
335 1617 584 1672 Pisanis
633 1627 769 1674 erat
838 1614 1137 1673 donatum
1174 1613 1258 1672 ob
1311 1616 1559 1694 egregie
1611 1617 1829 1670 nava-'

96 1715 220 1760 tam
262 1704 325 1760 in
368 1702 532 1762 bello
575 1724 832 1784 operam
860 1747 875 1774 ‚
914 1700 1079 1762 unde
1134 1704 1409 1760 Piscenae
1444 1706 1797 1760 Pandae-tae

93 1790 479 1849 dicebantur.
572 1793 732 1849 Cum
783 1804 994 1851 autem
1041 1793 1230 1848 Pisae
1271 1788 1527 1849 fuissent
1571 1814 1603 1848 a
1656 1791 1703 1847 F
1709 1790 1800 1848 lo-

95 1881 358 1937 rentinis
411 1878 702 1939 subactae
725 1925 740 1952 ,
780 1881 967 1938 etiam
996 1883 1351 1938 Pcmclectae
1389 1882 1797 1937 Floretztinae

92 1967 526 2027 vocabantur:
594 1990 743 2051 quas
808 1965 1143 2028 Pandectas
1225 1966 1370 2027 dein
1443 1970 1800 2028 Lotlmrius

90 2068 312 2136 agente
358 2059 602 2116 Irnerio
650 2055 1079 2135 Celeberrimo
1126 2059 1190 2116 in
1231 2056 1649 2116 tribunalibus
1687 2056 1800 2115 ob-

95 2146 376 2216 servari,
413 2147 476 2205 in
532 2147 882 2226 Gymnasiis
933 2167 1088 2205 vero
1139 2143 1353 2206 doceri
1400 2142 1588 2226 jussit.
1682 2146 1796 2203 Cui

95 2234 442 2292 successive
506 2237 694 2292 etiam
749 2236 863 2291 Jus
925 2236 1301 2291 Canonicam
1370 2236 1664 2293 accessit:
1722 2233 1800 2291 de

100 2340 232 2400 quo
285 2319 453 2386 alibi,
513 2323 909 2380 Exstiterunt
955 2343 1150 2402 porro
1197 2324 1261 2379 in
1312 2324 1556 2382 oriente
1610 2323 1799 2379 variis

100 2408 488 2489 temporibus
532 2411 714 2482 Viri,
748 2406 838 2466 his
883 2410 1133 2468 motivis
1169 2411 1455 2482 excitati,
1502 2412 1610 2492 qui
1647 2412 1800 2468 scri-

102 2497 223 2578 ptis
297 2507 405 2554 aut
479 2495 971 2555 institutionibus
1035 2498 1159 2554 suis
1259 2501 1473 2579 geneli
1524 2497 1799 2556 humano

102 2582 371 2643 multum
423 2583 832 2668 piofuerunt,
902 2597 968 2644 et
1036 2585 1488 2667 lempublicam
1564 2607 1797 2644 saetam

100 2693 299 2754 aeque
344 2694 413 2730 ac
470 2671 797 2732 Profanam
855 2673 1159 2753 implimis
1211 2673 1794 2745 illustialunt,11ti:

284 2763 501 2820 Sec-ulo
567 2765 640 2818 V
632 2764 682 2827 J
732 2763 1070 2836 Procopius
1145 2763 1436 2819 Gazaeus
1497 2758 1741 2820 Rhetor
1778 2803 1795 2831 ‚

105 2847 261 2908 aiter
297 2872 332 2908 a
379 2851 752 2909 Caesariensi
803 2849 1160 2924 Historico‚
1221 2851 1490 2906 Joczmzes
1534 2852 1799 2908 IVIaxen-

108 2940 236 3002 tius
284 2937 626 3000 Monachus
678 2934 1146 3010 Antio·chenuS‚
1195 2938 1455 2999 Causam
1514 2935 1591 2997 de
1639 2937 1798 2995 Gra-

1627 3029 1711 3086 tia
