2097 3726
567 137 845 190 Romano
887 133 1269 192 Graecanica:
1551 140 1673 221 509

73 308 443 370 verberibus
485 305 732 366 affectus
785 318 971 380 esset,
1035 319 1238 367 tamen
1285 331 1387 370 eos
1441 325 1513 371 ut
1555 311 1765 373 fideles

68 418 263 480 porro
299 397 593 467 retinuit,
659 414 813 474 quos
858 415 1010 453 vero
1064 417 1180 476 per
1225 420 1484 459 munera
1535 421 1759 459 corru-

67 496 248 567 perat
289 486 493 543 statim
525 482 775 540 amovit.
843 481 1017 541 Bello
1057 495 1260 545 tamen
1318 486 1765 548 infelicissimus

67 575 133 631 in
174 572 343 631 Italia
376 570 581 631 omnia
603 567 890 650 perdidit.
938 571 1112 630 Vitio
1157 575 1213 632 ei
1256 574 1544 636 tribuunt
1582 577 1757 658 quod

68 682 255 744 penes
317 679 580 718 uxorem
667 659 1134 734 Theophanem,
1229 664 1418 723 etiam
1481 663 1768 746 pellicem

67 752 252 807 Zoem
287 747 531 807 notorie
562 743 1028 827 frequentaret,
1092 747 1261 809 unde
1303 752 1367 810 in
1404 751 1619 813 odium
1656 775 1769 836 po-

69 836 202 920 puli
242 834 608 910 deveniens;
677 837 787 893 vix
832 834 1006 916 quod
1042 838 1106 894 in
1152 839 1386 921 templo
1433 842 1565 924 ipso
1607 841 1764 901 festo

70 926 461 984 Pentecostes
485 920 641 982 fuste
667 921 1009 982 trucidatus
1048 946 1173 984 non
1206 924 1410 988 fuerit.
1458 928 1560 988 Ab
1589 930 1770 989 Hun-

69 1014 267 1094 garis‚
314 1013 501 1070 etiam
528 1056 543 1085 ,
592 1023 652 1069 et
694 1013 971 1069 Slmeozze
1008 1012 1276 1095 Bulgaro
1321 1037 1608 1099 magnam
1645 1017 1773 1077 cla-

70 1099 213 1160 dem
259 1101 510 1181 accepit.
597 1100 866 1159 Demum
919 1123 1082 1160 anno
1138 1105 1460 1185 regiminis
1531 1106 1627 1166 25.
1692 1126 1770 1165 ex

68 1187 419 1270 dysenteria
466 1186 626 1245 obiit
679 1186 877 1246 filium
944 1191 1420 1250 Constantinam
1472 1196 1767 1270 Porphyn,

67 1280 416 1355 rog-eniteant
459 1276 573 1334 sub
620 1275 806 1336 tutela
856 1274 1065 1337 fratris
1123 1280 1482 1341 Alexandri
1523 1302 1765 1344 succes-

77 1387 281 1426 sorem
321 1364 594 1446 reliquit.
643 1363 726 1442 a)

262 1455 706 1511 Constantinus
744 1455 1369 1532 Porphyrogenez‘uS,
1442 1455 1558 1516 sub
1611 1469 1776 1517 tute-

75 1542 135 1600 la
184 1544 537 1602 Alexandri
602 1541 812 1601 fratris
879 1543 1218 1623 Imperium
1276 1546 1624 1626 auspicatus
1677 1567 1774 1602 an.

78 1649 154 1713 91
176 1652 226 1689 2.
265 1632 626 1689 Alexander
661 1627 760 1686 hic
793 1628 937 1687 alias
973 1650 1214 1706 socom,
1277 1630 1426 1690 dum
1465 1632 1779 1716 pupillum

81 1733 352 1779 castrare
389 1721 730 1791 niteretur,
771 1718 900 1797 ipse
941 1717 1126 1778 simili
1157 1719 1382 1806 morbo
1420 1733 1781 1804 correptus,

76 1828 204 1866 uno
246 1828 407 1866 anno
465 1808 570 1865 vix
620 1818 832 1866 exacto
882 1807 1102 1887 periit,
1174 1822 1236 1866 et
1287 1822 1434 1867 tunc
1480 1810 1780 1867 Constan-

81 1900 248 1954 tinus
299 1897 516 1955 Matris
568 1897 688 1953 Zoe
735 1893 961 1954 tutelae
1013 1899 1372 1956 commissus
1433 1911 1555 1972 est,
1619 1920 1779 1980 quae

83 1987 264 2045 etiam
296 2008 329 2043 a
380 1987 658 2044 Simeone
696 1982 968 2064 Bulgaro
1009 1983 1491 2068 Adrianopolim
1540 2000 1782 2070 captam

85 2072 382 2148 redemit3
443 2071 871 2154 Bulgarosque
925 2093 1052 2131 non
1111 2076 1243 2134 sine
1301 2072 1473 2134 clade
1530 2089 1782 2160 accepta

82 2163 273 2234 vicit,
338 2184 372 2219 a
430 2164 834 2218 Constantino
890 2163 1075 2220 Daca
1109 2162 1362 2236 rebelli,
1395 2162 1588 2222 multa
1622 2164 1784 2223 mala

86 2247 367 2333 perferre
403 2247 621 2308 debuit
648 2293 663 2320 ,
710 2270 977 2330 cumque
1006 2253 1590 2329 Porphyrogenicas
1631 2251 1783 2311 ado-

88 2337 373 2408 levisset,
448 2339 716 2393 Romcmc'
768 2339 1094 2412 Lac-apelli
1146 2338 1337 2399 filiam
1399 2343 1462 2398 in
1520 2361 1788 2400 uxorem

92 2423 358 2497 ducens,
422 2445 570 2482 mox
625 2444 909 2484 socerum
948 2423 1205 2508 ejusque
1247 2427 1404 2488 filios
1458 2427 1565 2486 diu
1603 2428 1789 2489 colle-

93 2535 195 2594 gas
252 2511 503 2584 habuit,
572 2534 800 2596 parum
857 2526 1062 2572 tamen
1120 2514 1521 2575 emolumenti
1571 2530 1790 2576 contra

92 2603 424 2683 Hungaros
488 2614 550 2658 et
611 2599 914 2681 Bulgaros
977 2604 1037 2658 in
1110 2604 1180 2661 iis
1233 2605 1507 2685 experiri
1565 2606 1786 2686 potuit.

95 2689 198 2750 Ad
231 2703 581 2750 extremum
627 2692 966 2764 Lacapeno
1011 2689 1089 2748 ab
1127 2712 1249 2750 uno
1286 2690 1562 2751 filiorum
1604 2713 1785 2750 amo—

1609 2793 1705 2853 to,

164 2950 238 3021 a)
276 2951 532 3005 Zonaras.
584 2949 650 3001 T.
687 2948 732 3001 3.
766 2949 991 3003 Cedren.
1032 2951 1090 3003 in
1125 2950 1268 3004 Hist.
1315 2950 1589 3020 Sigonius,
1630 2952 1694 3008 L.
1729 2951 1786 3004 6.

250 3022 314 3071 ad
343 3040 433 3076 an.
475 3019 596 3077 891.
632 3029 734 3078 etc.
