2097 3726
572 56 856 111 Romano
915 52 1288 109 Germanici.
1576 51 1696 133 567

33 187 35 215 l

32 217 35 301 l
82 228 183 290 illa
220 228 536 304 clatione,
601 251 786 313 quam
829 227 1092 288 devictis
1135 226 1485 290 Saxonibus
1525 243 1586 289 et
1621 229 1795 289 Lon-

32 322 33 327 ’
31 316 416 401 gobaidis,
484 318 560 378 ad
596 319 822 378 milites
855 316 1112 376 domum
1149 316 1471 391 dimissos,
1516 315 1609 377 his
1648 341 1792 378 ver-

81 407 180 466 bis
213 404 467 468 habuit:
517 410 608 467 lte
643 406 878 467 Milites
926 408 1084 466 mei!
1133 428 1244 466 vos
1280 405 1496 467 heroes
1541 407 1795 467 vocabi-

28 502 32 555 ?
76 498 270 571 mini,
325 496 490 556 Socii
547 497 828 578 Regum,
875 494 1164 555 Judices'
1157 497 1538 574 criminum,
1595 497 1794 557 vivite

28 627 30 641 =
78 598 222 669 post
270 581 382 644 hac
420 584 653 643 laboris
698 585 1021 668 expertes!
1068 620 1153 629 —
1199 585 1328 644 Vos
1359 587 1566 644 autem
1609 607 1791 646 cave:

26 679 29 731 ι’

80 687 145 734 tc
199 696 278 734 ne
334 686 577 731 tantum
629 672 854 746 decus,
915 686 1289 756 tantumque
1349 673 1791 757 privilegium,

25 794 29 802 ·
78 759 243 845 justo
284 760 597 821 bellorum
655 763 872 822 labore
924 776 1212 844 partum,
1278 775 1384 820 aut
1428 762 1789 839 ebrietatiS,

78 865 186 911 aut
223 850 655 924 scurrilitatis,
717 867 824 911 aut
881 849 1005 910 alio
1048 854 1272 933 quovis
1318 853 1474 911 vitio
1521 851 1792 913 macule—

24 970 26 1021 3
79 942 190 1016 tis;
251 961 331 999 ne
385 939 557 1022 quod
612 940 918 1023 largimur
970 941 1149 1000 vobis
1203 939 1282 999 acl
1327 940 1626 1022 gloriam,
1689 964 1790 1001 re·-

17 1039 25 1074 ⁴:
78 1026 316 1088 dundet
369 1028 445 1086 ad
498 1052 807 1112 poenam,
872 1052 1062 1113 quam
1118 1026 1196 1089 de
1246 1030 1428 1088 vobis
1477 1052 1792 1089 summen-

21 1170 25 1203 Σ
77 1116 254 1193 dam,
315 1119 365 1176 si
420 1116 630 1178 forsan
668 1120 1096 1193 excesseritis,
1156 1117 1339 1177 nobis
1380 1132 1442 1177 et
1481 1138 1793 1178 successo-

76 1206 255 1266 ribus
293 1210 522 1266 nostris
557 1209 995 1268 Romanorum
1024 1207 1301 1288 Regibus
1339 1222 1646 1290 perpetuo
1686 1231 1790 1269 ree

19 1291 23 1306 ¹
76 1317 412 1358 servamus.
477 1296 743 1379 Insuper
796 1299 1058 1355 Carolus
1100 1295 1249 1355 dum
1288 1296 1365 1354 ad
1406 1317 1680 1380 pugnam
1724 1320 1788 1359 se

78 1399 397 1469 parasset,
461 1399 524 1445 et
559 1384 683 1466 jam
725 1389 790 1445 in
840 1388 1172 1470 procinctu
1215 1398 1406 1460 esset,
1471 1407 1595 1443 una
1646 1406 1790 1447 cum

19 1476 21 1478 ’
79 1474 356 1534 Ducibus
399 1477 523 1534 suis
549 1521 565 1549 ,
639 1496 887 1559 semper
927 1474 1175 1557 publice
1212 1475 1402 1532 Sacra
1443 1472 1791 1535 Confessio-

17 1616 20 1648 3
74 1585 156 1624 ne
192 1575 253 1624 et
292 1565 750 1624 Communione
791 1585 933 1623 usus
975 1577 1097 1639 est,
1160 1565 1377 1645 sicque
1431 1564 1493 1621 in
1535 1566 1793 1625 nomine

12 1664 15 1702 ὶ
76 1652 195 1712 Dei
236 1648 439 1712 hostes
497 1652 747 1712 fortiter
808 1673 1118 1734 agressus,
1181 1655 1424 1710 mirum
1485 1673 1614 1710 non
1667 1667 1794 1729 est,

76 1739 248 1823 quod
319 1743 619 1800 continuo
696 1740 976 1802 celebres
1036 1754 1394 1824 reportaret
1463 1742 1793 1801 victorias:

75 1832 190 1913 qui
213 1828 449 1890 bellum
485 1834 528 1889 Ι.
563 1828 782 1891 habuit
812 1845 1032 1891 contra
1067 1831 1518 1909 Longobarclos
1551 1853 1597 1888 a.
1645 1835 1789 1890 772.

75 1941 335 1979 causam
385 1918 550 1979 bello
601 1919 776 1980 dedit
830 1921 1085 1978 Bertlza
1135 1919 1324 1980 vidua
1384 1922 1790 1977 Caroloman-

76 2011 181 2083 ni,
243 2030 401 2091 quae
449 2008 666 2069 relicta
716 2009 974 2068 Francia
1026 2008 1101 2068 ad
1165 2011 1573 2068 Desiderizcm
1628 2007 1792 2091 fugi-

73 2119 215 2173 ens,
278 2118 342 2156 se
392 2112 456 2158 et
503 2097 663 2157 filios
720 2101 783 2157 in
820 2098 949 2180 ejus
998 2098 1348 2159 clientelam
1403 2097 1673 2168 obtulit,
1736 2111 1799 2159 et

89 2188 389 2244 Cat-olum
451 2189 734 2269 occupati
802 2189 979 2270 regni
1040 2210 1222 2248 reum
1285 2187 1544 2264 detulit3
1624 2187 1794 2248 unde

74 2277 454 2333 Desiderias
504 2274 627 2357 jam
675 2278 861 2334 etiam
919 2276 1003 2334 ob
1062 2275 1455 2359 repudiatam
1496 2298 1666 2337 suam
1719 2276 1792 2336 fi·-

75 2361 224 2422 liam
261 2364 488 2434 iratus,
536 2362 816 2422 decrevit
871 2367 1314 2423 Carolomczmzi
1350 2364 1506 2425 filios
1543 2388 1657 2446 per
1681 2388 1795 2426 no-

73 2471 227 2509 vum
291 2447 658 2510 Pontificem
740 2454 1157 2509 fflzdriatzam
1218 2454 1417 2535 Reges
1496 2453 1795 2514 Franciae

74 2559 458 2600 consecr.a1e
503 2538 623 2599 Sed
655 2560 803 2598 cum
842 2541 1096 2623 planum
1131 2544 1617 2600 Desiclerionon
1657 2564 1794 2602 suc-

72 2629 383 2702 cessisset,
454 2649 588 2687 rem
648 2643 870 2718 apeito
911 2629 1075 2689 bello
1125 2629 1483 2691 tentandam
1541 2633 1792 2703 statuit,

71 2716 221 2777 licet
268 2716 617 2784 infeliciter
699 2708 843 2776 Alia
898 2718 1047 2778 belli
1104 2739 1284 2777 causa
1340 2717 1492 2793 fuit,
1559 2715 1796 2800 Injulia

75 2802 360 2866 Pontifici
416 2809 597 2867 Rom.
663 2829 714 2866 3.
769 2809 1107 2865 Desiderio
1156 2807 1334 2865 illata.
1414 2809 1791 2865 Desiderius

72 2895 243 2957 enim
292 2917 462 2958 novo
509 2894 806 2957 Pontifici
844 2898 1220 2973 Hadriam,
1282 2894 1489 2958 Urbes
1543 2919 1577 2956 a
1621 2899 1798 2973 Pipa·-

1626 3007 1705 3043 no
