2097 3726
414 245 537 306 446
885 241 1184 302 Historia
1234 240 1495 320 Imperii

319 438 432 482 tus.
480 419 909 501 Brandeburg.
950 421 1253 481 Moravia.
1319 417 1607 494 Austria‚
1666 411 2013 497 Saltzburg.

316 510 590 571 Polonia.
649 510 987 592 Hungaria.
1035 511 1330 569 Ceterum
1387 512 1461 567 V
1452 513 1796 566 oscillorum
1837 504 2021 564 moli-

315 602 534 672 tioneS‚
570 612 631 659 et
663 598 964 657 Italorum
998 599 1318 657 Factiones
1342 611 1559 656 contra
1600 596 2017 680 Imperatores

317 700 686 748 sustentatae
717 687 869 747 adeo
906 688 1249 770 Imperium
1289 685 1731 758 debilitarunt,
1779 697 1848 740 ut
1886 682 2020 764 ple-

316 799 542 859 rasque
596 778 949 860 provincias
1000 775 1455 856 Burgundicas⁷
1532 788 1593 835 et
1665 773 2016 832 Slavonicas

315 868 630 925 amitteret
660 888 781 922 una
823 887 968 924 cum
1007 879 1270 924 externo
1305 864 1569 939 robore,
1617 885 1813 946 quum
1850 861 2018 919 enim

314 956 638 1038 Principes
669 956 782 1013 ιῙιι3
830 955 1159 1011 Tem-iterii
1200 953 1643 1029 obtinuissent,
1693 950 1883 1034 magis
1909 971 2018 1007 au—

313 1043 530 1126 gendis
569 1044 690 1102 suis
738 1042 964 1126 opibus
1009 1043 1266 1117 intenti,
1328 1064 1442 1124 per
1482 1042 1901 1124 Imperatores
1936 1061 2016 1098 ex

312 1136 518 1193 minus
575 1131 937 1214 potentibus
982 1129 1229 1188 familiis
1281 1130 1497 1203 electi,
1577 1129 1838 1214 amplius
1885 1149 2013 1187 non

313 1235 603 1324 poterant
638 1242 740 1281 eos
776 1242 894 1304 pro
928 1217 1133 1277 lubitu
1177 1240 1429 1301 iegele
1468 1216 1613 1278 hinc
1651 1241 1858 1301 neque
1893 1222 2018 1277 Im-

311 1314 557 1395 pelium
606 1310 801 1373 tueri:
879 1331 956 1369 ex
1012 1330 1137 1389 qua
1193 1307 1614 1368 imbecillitate
1672 1308 2019 1391 Impelato-

312 1423 455 1459 lum
514 1401 804 1482 Regnum
858 1396 1225 1456 Arelatense
1274 1419 1306 1457 e
1357 1398 1694 1456 Germania
1753 1395 2015 1466 defeat,

312 1488 449 1549 Itali
481 1512 542 1549 se
574 1492 635 1546 in
662 1487 1018 1547 libertatem
1056 1498 1451 1546 asseruerunt
1478 1530 1492 1559 ,
1529 1485 1816 1566 Regnum
1849 1487 2013 1543 utri*-
2092 1554 2093 1558 Ἰ

311 1601 509 1660 usque
562 1577 804 1636 Siciliae
846 1575 926 1635 ab
960 1576 1252 1658 Hispanis
1303 1587 1662 1658 occupatur.
1730 1575 2011 1633 Ditiones

313 1665 673 1727 Pontificiae
722 1666 910 1724 variis
943 1664 1340 1724 libertatibus
1385 1677 1529 1721 sunt
1565 1677 1792 1723 auctae.
1842 1661 2013 1721 Aliae

2090 1425 2095 1528 1

315 1754 527 1815 Italiae
563 1757 926 1838 provinciae
980 1756 1042 1811 in
1094 1755 1297 1812 varias
1350 1753 1759 1829 Respublica-3
1803 1750 2013 1810 coalu-
2094 1798 2095 1802 ,

311 1856 537 1918 erunt,
621 1845 715 1901 uti
778 1843 1240 1914 Florentinam,
1306 1843 1656 1915 Venetam,
1717 1841 2012 1901 Genuen-

312 1955 473 2006 sem;
557 1931 710 1990 aliae
759 1945 965 1990 autem
1033 1932 1095 1987 in
1164 1934 1460 1989 Duc-atas
1521 1941 1829 1989 mutatae:
1917 1929 2011 1988 uti

311 2019 876 2092 Mediolanensem,
987 2020 1437 2093 Mantuanum,
1546 2019 2010 2084 Mutinensem,
2095 2019 2097 2025 ’

311 2111 743 2182 Parmensem,
806 2108 1251 2168 Placentinum.
1323 2120 1433 2166 etc,
1500 2110 1781 2166 Helvetii
1823 2109 2010 2168 etiam

311 2194 664 2261 deficientes
702 2197 996 2257 Liberam
1038 2193 1518 2279 Rempublicam
1559 2193 2011 2268 condiderunt3

309 2308 581 2368 quorum
626 2287 996 2346 Societatem
1041 2309 1074 2344 a
1122 2285 1299 2344 bellis
1350 2285 1855 2345 inclarescentem
1905 2284 2009 2342 alii

312 2371 742 2458 belligerantes
787 2374 998 2458 populi
1045 2374 1332 2434 certatim
1366 2376 1782 2457 expetierunt.
1844 2373 2009 2431 Hinc

311 2465 720 2524 Germanicae
757 2465 1123 2524 Provinciae
1152 2462 1285 2523 solo
1324 2463 1575 2522 vinculo
1613 2460 1863 2523 Feudali
1898 2485 2010 2521 ne-

312 2574 457 2629 xae,
517 2557 647 2612 vim
686 2551 1098 2634 magnitudini
1137 2572 1284 2611 suae
1327 2574 1453 2611 non
1509 2549 1805 2612 habentes
1831 2596 1845 2625 ,
1893 2573 2007 2611 nec

307 2640 674 2702 domesticos
709 2657 913 2702 motus
963 2640 1210 2716 sedale,
1277 2661 1392 2699 nec
1428 2639 1698 2701 hostium
1738 2642 2006 2723 impetus

309 2753 600 2791 amovere
652 2744 981 2813 potelant3
1052 2752 1245 2813 quale
1286 2733 1509 2790 sensim
1555 2730 1844 2788 amittele
1896 2726 2004 2786 de-

314 2820 450 2879 buit
486 2818 817 2880 Germania
860 2842 1168 2879 summum
1208 2819 1317 2876 Jus
1365 2819 1426 2878 in
1471 2817 1787 2899 Belgium,
1851 2815 2002 2875 Hel-

310 2913 534 2969 wetiam
562 2955 576 2983 ,
623 2923 685 2968 et
731 2908 967 2969 Italicas
1004 2909 1374 2991 provincias
1423 2909 1556 2980 Qua
1599 2905 1856 2986 Imperii
1895 2903 2003 2962 de-

309 2997 546 3058 bilitate
585 3014 910 3073 manente,
959 3020 1155 3079 quum
1200 2998 1427 3056 sensim
1481 2996 1843 3076 Principum
1890 3015 2002 3075 po-

309 3089 499 3148 tentia
551 3101 889 3165 er'csceiet,
951 3087 1299 3147 communis
1359 3086 1587 3145 virium
1637 3097 1701 3143 et
1751 3082 1996 3141 animo-

1770 3193 1911 3229 rum

1767 2870 2087 3726 ]
