2097 3726
419 228 448 281 ‘i
461 226 491 281 8
502 244 538 280 0
862 220 1165 286 Hffstoria
1210 234 1468 308 Imperii

322 423 420 461 am
459 394 770 482 profectus
808 401 1150 465 Mediolani
1192 406 1393 468 ferrea
1433 429 1701 483 corona,
1747 429 2015 489 sequen-

322 493 368 549 ti
409 509 561 547 vero
595 509 759 547 anno
794 491 1033 552 Romae
1065 519 1256 557 aureo
1289 496 1633 559 diademate
1677 511 2015 556 coronatus

321 589 440 638 est:
488 573 652 635 unde
684 599 971 640 reversus
1011 583 1490 646 celeberrimum
1531 600 1910 647 conventum
1951 586 2010 644 in

321 666 500 725 ‘Urbe
545 667 817 723 Metensi
863 671 1045 732 1556.
1085 674 1455 750 celebravit,
1520 677 1582 735 in
1637 697 1765 759 quo
1812 697 1883 734 re
1921 697 2015 733 sa-

319 758 567 841 pienter
603 751 866 815 discussa
888 803 904 832 ,
951 781 1030 818 ex
1064 764 1335 846 antiquis
1367 779 1430 826 et
1462 764 1818 825 recentibus
1855 763 2014 822 Ger—

318 845 562 904 maniae
615 844 910 906 institutis
950 846 1025 905 ad
1078 854 1333 935 Imperii
1387 853 1571 914 decus
1622 866 1683 913 et
1720 850 2014 932 Majesta-

319 948 447 994 tem
486 929 766 991 condidit
804 934 1034 1017 Legem
1080 943 1435 1000 Carolinccm
1476 945 1727 1001 nomine
1759 944 2013 1000 Aureae

318 1025 552 1081 Bullae
603 1019 948 1099 celebrem,
1019 1028 1127 1086 ubi
1183 1031 1686 1114 complectuntur
1737 1031 1897 1112 leges
1952 1042 2013 1089 et

317 1115 477 1172 ritus
521 1107 810 1168 servandi
849 1115 914 1171 in
959 1114 1277 1179 Electione
1335 1119 1775 1202 ImperatoriS,
1815 1120 2013 1201 leges-

321 1224 447 1283 que
496 1197 884 1263 consulentes
938 1209 1230 1287 potestati
1284 1222 1347 1268 et
1393 1208 1680 1290 dignitati
1732 1211 2011 1269 omnium

318 1288 616 1348 ordinum
660 1290 903 1352 ratione
949 1295 1587 1371 circumstantiarum,
1649 1297 1819 1380 quod
1861 1318 2016 1379 opus

319 1379 403 1438 ob
449 1376 696 1434 allatam
736 1381 846 1440 toti
869 1384 1147 1466 Imperio
1181 1386 1509 1445 utilitatem
1549 1389 1842 1445 maximas
1883 1408 2014 1445 rne-

317 1482 496 1528 retur
536 1463 775 1545 laudes3
824 1474 1081 1553 Imperii
1115 1477 1281 1533 enim
1318 1475 1702 1556 Majestatem
1737 1496 2012 1533 commu-

317 1558 515 1632 nivit3
575 1563 636 1615 et
683 1558 746 1615 in
797 1559 1115 1621 Electione
1155 1567 1629 1625 contentionum
1672 1565 2016 1623 occasiones

319 1641 682 1726 amputavit.
746 1648 921 1719 Quae
969 1649 1141 1709 Bulla
1202 1651 1344 1714 dein
1385 1654 1841 1730 Norimhmgae
1883 1663 2018 1713 erat

319 1734 732 1817 promulgata.
781 1737 982 1798 Porro
1026 1737 1212 1799 aliam
1246 1743 1767 1802 Constitutionem
1827 1744 2018 1799 Caro—

323 1825 518 1880 tinam
569 1844 622 1881 a.
675 1824 858 1886 1559.
913 1825 991 1888 de
1039 1828 1387 1913 privilegiis
1431 1831 1818 1891 Clericorum
1874 1833 2017 1890 Pra-

321 1931 437 1991 gae
497 1912 933 1995 promulgans,
1011 1916 1302 1999 Regnum
1365 1941 1547 1980 suum
1610 1917 2016 1979 Bohemicum

320 1996 536 2058 multis
569 1999 769 2060 modis
808 2003 1074 2063 ornavit.
1122 2009 1383 2088 Ingenio
1413 2019 1476 2068 et
1504 2006 1786 2068 doctrina
1809 2053 1823 2080 ,
1857 2007 2017 2065 mul-

321 2098 655 2170 tarumque
695 2091 1081 2169 Lingvarum
1133 2097 1356 2177 peritia
1393 2096 1722 2170 excelluit,
1786 2098 2018 2156 Docto—

321 2196 472 2234 rum
505 2179 789 2238 virorum
821 2183 1265 2243 consvetudine
1311 2183 1650 2268 plurimum
1684 2183 2019 2245 delectatus

320 2261 486 2339 fuit3
531 2266 619 2345 a)
668 2281 729 2326 et
775 2264 1072 2347 justitiam
1120 2293 1335 2332 severe
1371 2273 1841 2333 administravit.
1890 2278 2017 2335 Ve-

324 2373 470 2410 rum
507 2354 659 2413 vitia
696 2358 883 2416 etiam
923 2359 986 2416 in
1023 2358 1155 2439 ejus
1193 2363 1498 2443 regimine
1535 2377 1864 2427 notantur:
1921 2365 2017 2420 ni-

322 2442 553 2498 mirum
593 2443 762 2523 quod
806 2445 884 2505 ab
942 2447 1192 2507 Urbano
1248 2451 1422 2511 Pont.
1472 2451 1729 2535 aliisque
1776 2453 1842 2509 in
1898 2455 2019 2510 Ita-

322 2526 469 2586 liam
513 2531 837 2609 invitatus,
908 2535 997 2595 ibi
1039 2536 1343 2599 thesauris
1395 2541 1605 2621 potius
1654 2538 2020 2623 colligendis

325 2639 513 2697 quam
565 2618 728 2681 bello
762 2624 1067 2703 intentu33
1128 2628 1314 2688 nimis
1363 2628 1576 2689 Italiae
1631 2643 1693 2690 et
1731 2626 2017 2689 Pontifici

321 2705 671 2790 Privilegiis
746 2709 1108 2792 indulserit3
1195 2715 1519 2800 multaque
1595 2717 1676 2777 ab
1746 2720 2020 2801 Imperio

326 2791 795 2861 venditionibus
854 2801 1235 2866 alienaverit.
1314 2806 1496 2880 Quod
1576 2804 2019 2892 Delphinatum

1821 2919 1933 2981 qul

399 3052 473 3126 α)
514 3057 731 3134 Aeneas·
766 3059 918 3131 sylv,
955 3075 1010 3118 et
1032 3066 1253 3129 ,Chrom
1289 3065 1551 3141 Philippi.
1587 3066 1658 3122 L.
1686 3066 1739 3127 5.
1777 3067 2019 3127 Dubrav.

471 3126 610 3181 Hist.
651 3129 879 3187 Bohem.
918 3136 983 3192 L.
1015 3131 1100 3194 22.
