2097 3726
393 98 513 182 496
833 97 1133 154 Historia
1174 98 1437 173 Imperii

303 278 452 349 dus,
499 285 629 333 tota
664 272 833 332 enim
861 274 991 331 vita
1031 271 1160 357 ejus
1190 271 1764 335 honestissimarum
1808 275 2008 333 virtu-

297 379 502 428 tutum
544 359 844 444 exemplis
887 360 1070 446 plena
1111 362 1265 441 fuit,
1312 365 1405 423 uti
1451 363 1678 446 pietate
1706 408 1721 435 ,
1769 373 2009 446 tempe-

299 454 540 528 rantia,
638 447 1036 527 affabilitate,
1134 453 1575 523 Humanitate,
1668 451 2012 512 Clementia

304 559 368 609 et
405 541 819 615 liberalitate,
867 538 951 600 ob
987 563 1140 625 quas
1175 545 1442 602 virtutes
1467 588 1482 617 ,
1530 540 1844 601 Electores
1883 545 2008 601 Im-

303 633 466 720 perii
513 626 913 690 Francofurti
952 634 1315 714 congregati
1358 630 1442 710 a)
1497 631 1679 693 1519.
1720 631 2012 689 Carolum

300 727 367 783 in
413 722 730 806 Hispaniis
769 719 1128 794 absentem,
1174 722 1506 782 Communi
1546 741 1849 781 consensu
1883 718 2013 778 Im-
2096 774 2097 781 ,

303 825 665 898 peratorem
727 812 1216 886 renunciarunt,
1295 812 1404 893 qui
1454 812 1640 870 etiam
1693 830 1858 868 anno
1913 830 2008 868 se·

302 915 536 988 quente
573 902 638 958 in
688 898 1093 960 Germaniam
1131 900 1389 960 veniens
1428 900 1809 982 Aquisgrani
1857 919 2008 958 con-

307 992 493 1052 svetis
533 991 908 1051 ceremoniis
957 991 1371 1070 inauguratus
1407 1002 1528 1064 est,
1594 1012 1643 1056 a,
1689 990 1852 1049 1550
1892 987 2017 1047 Bo-

298 1082 520 1140 noniae
553 1081 689 1141 Rex
724 1077 1292 1161 Longobardorum
1311 1125 1330 1152 ,
1378 1075 1630 1138 demum
1668 1102 1702 1137 a
1744 1080 2014 1136 Clemen-

298 1181 359 1228 te
404 1173 477 1228 V
470 1171 558 1236 II.
593 1169 906 1251 Imperiali
954 1189 1187 1228 corona
1224 1166 1445 1228 eodem
1485 1187 1648 1226 anno
1696 1182 1788 1228 est
1827 1188 2011 1226 coro-

297 1273 514 1335 natus3
545 1259 798 1318 Justitia
818 1259 1127 1342 imprimis
1159 1260 1503 1342 lmpefflum
1536 1254 2013 1339 gubernandum
2065 1256 2069 1260 ’

301 1352 551 1422 statuit,
622 1369 709 1409 ex
747 1345 923 1431 cujus
961 1348 1214 1430 optimis
1247 1346 1489 1430 legibus
1523 1359 1666 1406 sunt
1710 1344 1787 1407 de
1834 1348 2014 1425 biga-

300 1443 462 1514 mia,
510 1440 742 1499 nemini
783 1440 951 1499 enim
995 1439 1060 1495 in
1101 1438 1389 1498 Romano
1429 1437 1704 1520 Imperio
1749 1435 2012 1496 admiti-

301 1543 407 1588 tur
448 1527 598 1588 duas
643 1527 874 1590 habere
912 1548 1178 1599 uxoreS,
1249 1526 1528 1611 bigamus
1574 1527 1739 1587 enim
1787 1526 2011 1586 ultimo

304 1620 567 1678 afficitur
601 1617 926 1702 supplicio.
989 1617 1082 1676 De
1103 1618 1372 1693 furibus
1417 1628 1626 1676 aulem
1661 1618 1746 1677 sic
1783 1616 2016 1676 consti-

308 1710 459 1768 tuit:
515 1711 932 1766 Grassatores
971 1709 1079 1785 qui
1101 1711 1394 1783 praedae
1425 1728 1623 1765 causa
1659 1709 1730 1764 id
1735 1709 2015 1783 faciunt,

288 1798 579 1877 proximi
638 1799 988 1855 latronibus
1039 1797 1383 1871 habentur,
1450 1808 1511 1854 et
1566 1798 1621 1853 si
1665 1818 1803 1856 cum
1824 1799 2014 1873 ferro

305 1889 575 1965 aggredi
625 1897 687 1945 et
726 1891 1000 1963 spoliare
1051 1888 1501 1958 instituerunt,
1569 1890 1779 1963 eapite
1813 1887 2014 1961 puni-

305 1990 504 2036 untur
517 2000 544 2049 ,·
592 1988 665 2035 ut
697 1998 812 2054 que
843 1979 899 2035 si
930 1979 1182 2052 saepius
1220 1986 1412 2053 atque
1437 1979 1500 2033 in
1536 1977 1861 2034 itineribus
1902 1975 2015 2032 lzoc

304 2070 732 2139 admiserunt,
801 2069 996 2126 ceteri
1076 2068 1142 2123 iu
1189 2068 1510 2124 metallum
1585 2069 2019 2137 damnantur,

304 2161 407 2216 vel
432 2158 499 2214 in
544 2157 788 2215 insulas
837 2161 1221 2235 relegantur.
1270 2155 1358 2214 Ut
1395 2167 1605 2214 autem
1644 2157 1773 2240 ipse
1809 2151 2016 2216 excel-

307 2244 440 2306 lens
490 2244 803 2307 bonarum
858 2247 1091 2305 artium
1135 2244 1492 2327 cognitione
1532 2241 1652 2304 fuit
1698 2245 1982 2305 excultus
1993 2288 2017 2318 ,

304 2336 390 2395 ita
435 2336 499 2394 in
557 2337 722 2395 viros
762 2331 975 2397 doctos
1015 2335 1283 2393 nimium
1324 2332 1599 2395 liberalis
1638 2331 1773 2394 suit.
1836 2335 2016 2394 Cete-

305 2446 447 2485 rum
485 2438 613 2486 tota
662 2426 876 2485 Caroli
914 2427 992 2484 V.
1039 2425 1165 2483 vita
1202 2421 1359 2481 nihil
1400 2422 1568 2484 aliud
1606 2445 1795 2506 quam
1834 2421 2016 2483 belli-

306 2515 544 2597 geratio
591 2529 893 2599 perpetua
931 2513 1085 2590 fuit,
1145 2513 1340 2573 multa
1382 2515 1550 2574 enim
1593 2511 1755 2574 bella
1794 2513 2014 2598 gessit,

1847 2624 1926 2664 ex

377 2778 450 2843 a)
490 2778 682 2832 Franc.
719 2777 1151 2834 CvicciardinuS.
1189 2779 1253 2832 L.
1289 2773 1373 2830 13.
1412 2793 1523 2847 seq.
1562 2775 1848 2829 Thuauus,
1885 2771 2015 2825 bre-

444 2849 606 2903 viter.
649 2848 774 2903 fuse
821 2860 1005 2904 autem
1053 2848 1182 2906 Joh.
1230 2846 1534 2901 SleidanUS.
1576 2848 1889 2900 Comment.
1945 2842 2015 2893 de

444 2919 603 2973 Statu
632 2921 811 2992 Relig.
842 2931 897 2974 et
928 2920 1082 2992 Reip.
1115 2919 1217 2973 sub
1250 2918 1451 2973 Cat-olo
1466 2918 1531 2970 V.
1566 2917 1778 2971 Simon.
1807 2914 2012 2968 Sohar-

446 2989 569 3045 dius
599 3010 765 3065 opere
801 2992 946 3051 Hist.
977 2991 1047 3045 T.
1087 2990 1141 3049 2.
1173 3009 1330 3064 seqq.
