2097 3726
328 236 412 296 54
778 233 1390 291 Historia

240 407 540 471 Eumenis
578 426 658 466 ex
695 403 918 489 pellice
944 404 1137 484 filius3
1189 428 1337 469 mox
1371 407 1586 467 Asiam
1623 427 1765 466 cum
1802 403 1937 465 foe-

237 518 385 559 rore
425 496 683 568 invasit,
713 495 822 555 ubi
860 500 1144 578 quinque
1175 497 1605 556 Romanorum
1636 495 1934 576 LegatOS,

241 589 395 646 item
443 586 746 642 Crassum
785 584 1115 644 Consulem
1145 607 1350 668 pugna
1384 585 1731 645 decretoria
1765 581 1938 641 dele-

237 677 366 739 vitg
447 691 576 754 quo
635 674 966 733 temerario
1028 694 1179 731 ausu
1230 674 1443 733 Asiam
1489 669 1936 754 depopulatus,

235 784 367 822 non
405 761 525 820 nisi
566 780 730 818 anno
765 773 1063 842 sequente
1097 759 1240 821 624.
1282 785 1315 820 a
1354 760 1619 822 Consule
1668 763 1939 835 Perpen-

241 871 327 908 na
379 850 666 931 superari
725 851 930 932 potuit
947 872 963 925 3
1035 871 1069 905 a
1121 871 1247 931 quo
1297 848 1548 910 demum
1607 861 1821 931 captus
1876 855 1940 906 et

235 940 506 999 Romam
551 938 769 995 missus
820 940 1280 1020 usurpatoriam
1333 938 1700 1020 dignitatem
1749 937 1940 993 amit-

235 1040 415 1102 tens,
481 1036 613 1084 tota
657 1023 806 1083 Asia
856 1026 919 1083 in
964 1027 1328 1108 provinciae
1375 1026 1645 1086 formam
1696 1022 1941 1084 redacta

238 1128 347 1177 est.
396 1115 534 1187 Qua
564 1114 916 1172 occassione
950 1133 1093 1172 cum
1127 1114 1350 1196 opibus
1388 1113 1705 1187 AsiaticiS‚
1755 1113 1939 1172 etiam

237 1203 394 1265 vitia
435 1202 713 1260 Asiatica
753 1201 1022 1260 Romam
1068 1200 1360 1261 translata
1401 1216 1560 1261 sunt.
1609 1202 1691 1280 α)

415 1292 650 1349 Seditio
697 1291 1143 1349 Gracchorum.
1188 1288 1265 1347 A.
1329 1291 1399 1358 U,
1442 1291 1586 1355 621.
1638 1290 1806 1347 Dum
1846 1284 1944 1346 fo-

237 1381 324 1441 ris
365 1379 636 1439 Romani
673 1375 879 1438 felicia
910 1377 1073 1439 bella
1112 1391 1472 1459 gesserunt,
1531 1398 1605 1436 eo
1644 1388 1777 1434 tum
1811 1376 1944 1433 Ro·-

233 1490 371 1528 mae
410 1480 593 1527 atrox
627 1480 846 1527 exorta
878 1481 970 1527 est
990 1464 1246 1540 sediti0‚
1277 1488 1402 1550 qua
1447 1466 1729 1523 Tiberius
1772 1465 1943 1520 Sem-

227 1559 499 1635 pronius
561 1557 888 1613 Gracchus
939 1555 1421 1638 Rempublicam
1483 1555 1669 1611 nimis
1728 1551 1944 1610 turba—

235 1647 372 1706 vit:
422 1645 471 1702 is
516 1644 685 1703 enim
725 1657 796 1703 ut
831 1643 1153 1701 Tribunus
1193 1643 1393 1723 plebis
1418 1686 1433 1714 ,
1481 1641 1617 1723 lege
1651 1637 1772 1722 jam
1813 1640 1945 1722 pri-

238 1754 309 1794 us
342 1731 468 1791 lata
493 1731 740 1813 agraria
759 1744 1017 1812 urgeret
1037 1774 1053 1804 ,
1093 1728 1623 1811 introducereque
1642 1727 1844 1799 vellet,
1865 1747 1944 1785 ne

236 1823 382 1903 quis
421 1821 685 1903 amplius
730 1821 1075 1901 quingenta
1116 1820 1250 1899 agri
1296 1815 1512 1900 jugera
1566 1813 1910 1899 possideret
1926 1836 1942 1888 3

235 1912 387 1970 item
432 1922 502 1968 ut
541 1910 756 1966 Attali
787 1908 975 1988 Regis
1021 1919 1389 1966 testamento
1437 1904 1634 1987 legata
1675 1904 1939 1986 pecunia

237 2003 402 2059 inter
437 1998 604 2056 cives
642 1993 1076 2069 divideretur,
1142 2014 1258 2053 nec
1293 2015 1422 2052 non
1461 1992 1852 2053 tribunatum
1883 1991 1941 2049 ei

239 2091 303 2149 in
340 2095 706 2167 sequentem
741 2085 930 2143 etiam
966 2104 1198 2142 annum
1235 2079 1524 2141 conferre
1563 2079 1826 2154 vellent3
1875 2099 1941 2137 ea

238 2200 308 2237 re
368 2174 623 2235 Patricii
671 2168 1075 2231 vehementer
1137 2171 1470 2245 commoti,
1532 2190 1683 2227 mox
1725 2187 1941 2226 necem

239 2268 293 2326 ei
335 2262 786 2344 decreverunt3
832 2260 941 2341 qui
976 2262 1162 2318 etiam
1199 2281 1234 2315 a
1275 2260 1562 2333 Scipione
1597 2255 1834 2314 Nasica
1877 2255 1942 2312 in

237 2349 547 2435 Capitolio
580 2369 708 2430 quo
746 2368 810 2407 se
849 2361 1171 2429 receperat
1206 2345 1569 2406 interfectus
1608 2357 1713 2404 est.
1745 2341 1818 2400 A.
1856 2343 1939 2400 U.

240 2442 384 2502 621.
430 2439 714 2517 Cumque
762 2457 905 2494 eum
943 2438 1295 2513 Aftdcazms
1359 2431 1496 2512 jure
1548 2453 1791 2491 caesum
1845 2427 1943 2511 ju-

239 2530 533 2600 dicasset3
597 2527 729 2605 ipse
776 2522 944 2582 domi
985 2545 1128 2584 suae
1173 2536 1457 2582 mortuus
1497 2533 1784 2603 repertus
1832 2529 1938 2576 cst.

239 2620 507 2678 Demum
567 2613 799 2671 Tiberii
848 2610 1081 2686 frater,
1167 2613 1490 2669 Gracchus
1534 2629 1729 2691 quum
1776 2604 1940 2663 idem

238 2705 607 2777 moliretur,
654 2699 736 2759 ab
785 2703 1006 2776 Opinio
1038 2699 1308 2759 Consule
1354 2702 1418 2757 in
1476 2697 1789 2757 Aventino
1826 2693 1942 2752 ob-

1667 2797 1848 2841 trun-

309 2967 383 3029 a)
425 2962 543 3014 Liv.
582 2958 730 3028 Epit.
765 2960 827 3011 L.
866 2956 949 3011 58.
983 2960 1180 3012 Justin.
1216 2960 1282 3015 L.
1322 2955 1406 3008 36.
1444 2973 1489 3006 c.
1531 2951 1578 3007 1.
1617 2951 1832 3005 Strabo,
1875 2950 1935 3003 L.

384 3031 467 3084 13.
503 3049 560 3100 p.
609 3028 727 3081 623.
763 3047 915 3100 seqq.
963 3030 1110 3088 Flor,
1164 3031 1222 3082 L.
1260 3028 1309 3080 3.
1349 3047 1392 3077 e.
1431 3023 1512 3076 13.
1552 3023 1782 3074 Diodor.
1822 3022 1940 3074 Ex-

385 3110 554 3172 cerpt.
592 3100 792 3152 ValcSS.
828 3119 886 3171 p.
921 3097 988 3152 37
993 3100 1042 3155 Ο.
1084 3100 1227 3156 Plut.
1265 3099 1451 3150 Graec.
1487 3112 1545 3166 p.
1582 3091 1707 3147 829.
1888 3106 1893 3110 ’
