2097 3726
321 281 398 341 28
771 276 1373 335 Historia

219 478 363 517 rum
396 452 778 526 vastatione,
825 449 950 535 jam
999 449 1452 512 nonnullorum
1483 449 1922 514 conciliatione

221 545 300 604 ad
334 564 470 604 suas
514 544 722 625 partes
772 540 1023 625 plebem
1068 538 1320 602 trahere
1366 555 1748 601 conarentur
1775 584 1792 615 ‚
1854 542 1931 600 il-

223 632 282 691 la
317 647 523 692 tamen
563 631 972 715 pertinaciter
1003 650 1285 713 pugnare
1324 632 1554 689 renuit.
1601 631 1768 702 Quas
1807 626 1934 688 dis-

221 723 534 782 sensiones
587 719 932 779 Hetruriae
985 717 1205 801 populi
1268 717 1674 778 observantes
1690 763 1709 791 ,
1797 719 1933 778 sine

223 831 404 868 mora
441 829 585 868 cum
637 807 1008 881 Vejentibus
1059 804 1138 864 ad
1192 804 1572 867 invadendas
1619 807 1936 866 Romanas

221 896 491 957 ditiones
544 908 976 980 properarunt
1021 916 1072 952 a.
1132 895 1207 953 U.
1248 896 1314 954 C.
1378 914 1521 974 271.
1574 893 1746 977 quod
1804 894 1937 954 Ve-

222 983 359 1070 jens
412 984 650 1046 bellum
704 985 910 1043 Fabia
953 1003 1137 1065 gens,
1212 996 1285 1042 ut
1332 985 1607 1066 patriam
1644 982 1936 1043 molestia

228 1074 536 1136 liberaret
585 1072 707 1133 sibi
771 1074 904 1156 ipsa
966 1070 1342 1155 deposcebat
1367 1117 1384 1145 ,
1453 1093 1616 1154 quae
1674 1070 1935 1156 quidem

221 1185 404 1247 saepe
449 1163 722 1237 victrix,
787 1160 868 1220 ab
909 1154 1192 1221 hostibus
1228 1158 1482 1221 demum
1521 1183 1636 1244 per
1682 1158 1938 1221 insidias

224 1274 389 1337 pene
431 1250 635 1313 deleta
672 1262 804 1327 est3
851 1270 996 1309 nam
1041 1271 1166 1307 una
1203 1246 1306 1309 die
1344 1248 1609 1332 amplius
1661 1248 1931 1311 tercenti

223 1342 415 1400 babit·
440 1339 875 1401 occubuerunt
900 1338 965 1395 in
998 1358 1207 1420 pugna
1240 1335 1318 1395 ad
1351 1340 1725 1396 Crameram
1758 1358 1931 1396 com-

225 1432 442 1489 missa:
491 1428 576 1508 a)
618 1441 682 1489 et
718 1427 867 1489 licet
899 1425 1198 1512 Vejentes
1246 1439 1457 1509 postea
1494 1427 1718 1487 iterato
1764 1422 1935 1485 bello

225 1540 263 1576 a
307 1520 575 1577 Servilio
604 1516 872 1578 Consule
899 1515 1168 1600 repressi
1210 1513 1507 1591 fuissent3
1553 1527 1761 1575 tamen
1801 1527 1939 1572 tur-

226 1608 345 1668 bae
384 1607 755 1680 intestinae,
800 1626 986 1665 causa
1022 1604 1208 1687 Legis
1248 1604 1566 1684 agrariae,
1612 1604 1941 1664 continua-

229 1710 328 1758 tae
368 1707 582 1756 erant:
644 1693 876 1777 quibus
912 1691 1391 1776 tempestatibus
1435 1693 1695 1751 Tribuni
1729 1690 1934 1748 Plebis

227 1807 358 1846 non
396 1780 586 1843 modo
639 1781 1088 1843 Consularibus
1122 1781 1298 1840 Viris
1333 1801 1561 1862 paenas
1605 1775 1928 1860 irrogandi

225 1885 600 1958 potestatem
639 1870 759 1931 sibi
806 1883 1221 1952 arrogarunt3
1317 1867 1424 1929 sed
1473 1870 1660 1929 etiam
1699 1866 1835 1948 lege
1873 1861 1938 1922 id

228 1961 682 2035 obtinuerunt,
733 1972 800 2018 ut
833 1960 1044 2019 omnia
1087 1958 1339 2039 negotia
1383 1958 1633 2040 plebem
1679 1974 1942 2015 concern

229 2051 476 2128 nentia3
523 2049 651 2108 imo
688 2061 752 2107 et
777 2047 1212 2107 Tribunorum
1250 2045 1453 2128 plebis
1493 2044 1717 2106 electio
1758 2042 1939 2103 dein-

229 2161 376 2225 ceps
415 2140 480 2197 in
529 2136 787 2197 tributis
829 2136 1104 2220 comitiis
1148 2133 1362 2210 fieret,
1424 2156 1548 2218 qua
1601 2133 1738 2215 lege
1786 2149 1937 2190 mox

227 2251 347 2315 per
378 2226 678 2289 Senatum
713 2224 1118 2299 confirmata,
1187 2222 1367 2308 plebs
1406 2225 1689 2283 amissam
1721 2234 1935 2279 aucto-

237 2319 527 2392 ritatem,
587 2328 737 2374 vota
781 2335 1008 2396 nempe
1057 2315 1122 2371 in
1168 2314 1437 2371 comitiis
1476 2309 1721 2372 ferendi
1762 2327 1943 2369 recu-

231 2406 497 2491 peravit.
557 2403 803 2463 Verum
842 2401 1019 2485 plebs
1051 2398 1176 2484 jam
1218 2422 1443 2482 parere
1479 2399 1729 2460 adsveta.
1753 2443 1770 2472 ‚
1833 2395 1940 2458 de·

232 2517 361 2555 nuo
397 2491 770 2553 Consulibus
811 2489 996 2551 brevi
1036 2510 1261 2572 parere
1299 2490 1547 2572 coepit,
1591 2485 1789 2548 donec
1828 2507 1942 2544 no-

233 2586 331 2643 vis
367 2578 830 2667 praessionibus
883 2578 1116 2639 obruta
1164 2576 1382 2661 jugum
1429 2579 1681 2660 penitus
1722 2595 1944 2635 excus-

232 2674 422 2733 sisset.
472 2669 713 2742 Quibus
753 2669 817 2726 in
861 2664 1204 2750 adjuncti8‚
1252 2665 1498 2725 civibus
1547 2686 1712 2724 nova
1769 2662 1939 2720 cala-

235 2763 419 2820 mitas
472 2755 794 2818 subeunda
838 2754 959 2815 fuit
1006 2755 1184 2815 ideo:
1255 2753 1428 2837 quod
1468 2753 1710 2836 legibus
1750 2755 1941 2812 certis

236 2849 548 2922 destituti,
613 2848 678 2904 in
732 2839 1100 2904 dirimendis
1141 2846 1338 2903 causis
1388 2867 1420 2901 a
1455 2841 1796 2902 Consulum
1840 2864 1944 2898 ar·-

233 2939 431 3000 bitrio
484 2933 866 3020 pendenteS,
948 2934 1236 2993 Patriciis
1292 2952 1478 3015 saepe
1533 2927 1942 2991 succumbere

1743 3015 1851 3076 de-

314 3199 384 3263 a)
425 3196 628 3251 Livius·
648 3195 713 3254 L.
735 3193 784 3251 2.
805 3215 848 3250 o.
869 3192 954 3250 27.
973 3192 1201 3267 DionyS.
1222 3191 1280 3248 L.
1302 3191 1351 3251 9.
1387 3191 1596 3250 Florus,
1634 3189 1694 3244 L.
1716 3188 1760 3244 1.
1786 3208 1826 3243 c.
1857 3188 1938 3243 12.
