2097 3726
507 209 1287 265 Romanorum.
1532 206 1651 264 175

60 406 235 455 men,
305 406 461 465 quos
502 382 748 444 sedibus
793 383 914 438 suis
950 381 1026 438 ab
1077 381 1325 439 Hunnis
1377 378 1577 462 pulsos
1625 400 1743 438 ex·-

61 486 341 554 ceperat,
392 473 568 531 brevi
609 472 736 530 acie
774 471 1002 540 victuS,
1050 467 1197 526 dum
1233 472 1472 529 saucius
1511 465 1746 549 praelio

62 563 124 618 in
162 558 459 619 desertam
503 580 694 616 casam
743 578 804 615 se
845 560 1185 639 reciperet,
1235 581 1267 615 a
1319 556 1600 614 barbaris
1646 553 1754 614 de-

64 646 430 730 prehensus,
485 668 627 705 cum
671 648 922 726 tugurio
970 649 1108 727 igne
1148 643 1373 727 injecto
1415 647 1593 701 vivus
1640 666 1754 702 ex·-

64 751 233 796 ustus
275 751 378 795 est.
427 734 508 812 a)
555 756 604 791 a.
645 731 751 792 Ch.
794 735 937 811 578.

241 822 294 882 6.
348 825 695 880 Gratianus
743 822 972 900 Syrmii
1022 836 1233 895 natus,
1280 820 1422 880 inde
1473 844 1502 877 a
1552 819 1758 900 pueris

65 911 505 970 laudatissimus
544 912 831 992 princeps
867 925 928 968 et
959 909 1359 970 Orthodoxae
1400 907 1570 967 Fidei
1609 929 1759 965 con-

65 1014 293 1059 stanter
354 997 670 1071 addictuS,
739 1010 914 1080 patre
969 1013 1222 1057 mortuo
1284 1020 1429 1057 mox
1473 995 1760 1055 occiden-

68 1092 143 1147 tis
180 1089 514 1168 imperium
561 1085 856 1168 adeptus,
917 1088 1200 1146 Fratrem
1239 1108 1419 1145 suum
1468 1087 1758 1143 Valenti-

67 1180 323 1233 mianum
396 1175 473 1232 II.
551 1174 1018 1256 quadrimulum
1097 1197 1396 1257 puerum,
1483 1172 1758 1231 militum

55 1266 255 1350 §etiam
294 1263 624 1343 suffragio,
696 1265 944 1345 imperii
989 1277 1050 1323 et
1084 1265 1403 1344 Augustae
1449 1261 1764 1342 dignitatis

68 1365 415 1412 consortem
470 1352 648 1424 fecit,
713 1353 821 1432 qui
867 1364 1003 1433 post
1064 1355 1351 1409 Valentis
1401 1352 1762 1422 interitum,

70 1442 255 1502 etiam
297 1441 358 1498 in
395 1443 634 1499 oriente
675 1462 885 1499 rerum
930 1442 1198 1522 potitus,
1244 1437 1542 1518 majorem
1580 1459 1766 1495 cura-

68 1550 209 1589 rum
259 1527 488 1587 molem
542 1528 768 1602 subiit,
837 1550 1108 1608 cumque
1165 1525 1353 1586 Gothi
1408 1524 1767 1583 Hadriano-

71 1616 266 1701 polim
307 1630 369 1676 et
409 1616 1009 1698 Constantinopolim
1055 1616 1289 1674 frustra
1326 1614 1624 1682 obsessas,
1671 1613 1769 1669 vi-

72 1708 240 1765 cinas
281 1705 633 1786 provincias
672 1701 840 1762 ferro
883 1717 944 1761 et
982 1704 1124 1783 igne
1155 1714 1502 1774 vastarent,
1550 1702 1624 1780 b)
1660 1722 1772 1760 anv-

76 1795 193 1853 xiis
234 1791 398 1851 hisce
439 1807 795 1872 temporum
836 1789 1175 1873 adjunctis,
1233 1792 1633 1848 Theodosium
1665 1811 1774 1870 ge—

75 1904 224 1941 nere
284 1882 674 1963 Hispanum,
733 1902 767 1937 a
824 1879 1011 1938 rebus
1071 1878 1308 1939 bellicis
1361 1877 1771 1938 clarissimum

78 1972 350 2042 Ducem,
414 1992 525 2051 per
591 1990 778 2049 quem
841 1964 1205 2040 Thraciam,
1265 1965 1588 2027 debellatis
1649 1963 1776 2048 jam

79 2059 325 2117 Hunnis
366 2071 427 2117 et
467 2055 683 2116 Alanis
726 2070 1088 2138 pacaverat,
1155 2058 1215 2115 in
1257 2055 1572 2137 Collegam
1610 2076 1777 2113 assu-

78 2166 250 2206 mens
295 2146 564 2206 Orientis
605 2146 954 2226 Augustum
992 2147 1344 2218 constituit,
1391 2166 1438 2202 a.
1483 2145 1623 2225 579.
1665 2141 1779 2223 qui

81 2254 230 2292 mox
286 2231 520 2294 Gothos
581 2231 654 2311 ο)
722 2236 786 2291 in
843 2232 1128 2293 ordinem
1192 2231 1576 2315 redigendo,
1660 2230 1781 2290 sibi

82 2320 617 2403 Constantinopoli
686 2321 910 2381 Aulam
973 2320 1566 2404 splendidissimam,
1665 2319 1782 2402 ipsi

85 2410 271 2470 etiam
312 2410 710 2466 Athanarico
767 2406 1123 2469 Gothorum
1175 2412 1308 2493 regi
1347 2407 1783 2468 admirabilem

1547 2518 1697 2555 COH-

158 2669 234 2729 a)
275 2666 543 2718 Ammian.
582 2665 649 2716 de
693 2665 837 2717 hello
889 2666 1139 2718 Gothico·
1194 2668 1255 2718 L.
1308 2666 1393 2720 31.
1448 2668 1788 2721 Theodoret.

230 2736 294 2788 L.
330 2734 380 2789 4.
417 2756 463 2791 c.
504 2735 584 2788 36.
617 2754 766 2805 seqq.
811 2737 1097 2787 Sozornen.
1141 2736 1202 2792 L.
1243 2736 1292 2788 6.
1348 2758 1390 2790 c.
1421 2739 1523 2793 ult.
1568 2739 1787 2794 Socrat.

232 2805 291 2857 L.
328 2805 377 2857 4.
416 2804 488 2877 h)
525 2808 800 2861 Ammian.
836 2805 1076 2857 Marcell.
1114 2806 1174 2858 L.
1214 2803 1302 2860 31.
1339 2826 1383 2858 e.
1415 2808 1513 2858 nlt.
1552 2808 1646 2878 qui
1689 2807 1793 2857 eti-

234 2892 322 2924 am
351 2874 443 2927 hic
477 2876 695 2932 desinit.
734 2876 935 2928 Zosim.
971 2873 1097 2927 L.4.
1137 2876 1203 2947 c)
1244 2875 1414 2932 Idem.
1434 2877 1569 2932 ibid.
1603 2876 1792 2927 Theo-

238 2943 416 3001 doret.
460 2947 526 3004 L.
570 2947 620 3002 5.
661 2966 709 3002 c.
740 2945 787 2998 5.
823 2964 935 3017 seq.
969 2945 1171 2997 Socsat.
1203 2947 1263 2996 L.
1302 2947 1350 3000 5.
1389 2966 1437 3001 c.
1465 2945 1514 2999 2.
1550 2965 1658 3018 seq.
1689 2948 1795 3000 So-

236 3031 377 3068 zom.
422 3017 482 3069 L.
521 3015 565 3070 7.
624 3034 668 3069 e.
707 3016 759 3072 2.
813 3035 924 3088 seq.
961 3015 1277 3069 felicitatem
1316 3016 1480 3086 hujus
1532 3018 1797 3092 temporis

241 3085 363 3137 vide
397 3105 481 3159 ap.
515 3087 894 3143 Claudianum.
928 3089 993 3146 L.
1032 3084 1082 3144 1.
1121 3087 1176 3142 in
1212 3085 1493 3144 Rufinum.
