2097 3726
356 243 439 305 62
806 242 1414 304 Isi-storia

263 416 605 503 compulit3
687 417 798 498 qui
838 415 1091 478 demum
1130 441 1180 477 a.
1226 422 1370 503 691.
1417 415 1753 503 desperatis
1793 416 1962 480 domi

264 508 486 581 rebus,
547 504 697 564 dum
741 507 1201 587 expeditionem
1244 511 1308 567 in
1351 507 1594 567 Italiam
1631 507 1963 569 meditare-

263 612 405 671 tur,
442 597 798 653 Pharnacis
822 592 929 655 filii
954 642 969 670 ,
1009 611 1070 655 et
1102 600 1291 656 totius
1326 598 1636 657 exercitus
1661 595 1964 657 defectio—

262 707 343 745 ne
371 684 627 744 territus
653 727 669 756 ,
714 680 828 741 sihi
873 686 991 766 ipsi
1037 686 1229 744 vitam
1260 684 1423 746 forte
1466 706 1711 744 veneno
1746 687 1962 768 eri-pu·-

202 800 205 801 ’
260 776 349 851 it3
400 775 689 831 Cicerone
726 773 1113 832 consulatum
1149 786 1413 834 tenente.
1463 776 1596 847 Qua
1632 785 1964 857 tempesta-

258 876 321 923 te
367 861 601 922 bellum
637 861 824 919 etiam
872 864 1108 919 Set-vile
1154 861 1526 938 conflatum,
1571 876 1824 922 strenue
1855 883 1962 943 ge-

258 951 549 1013 rebatur:
614 951 968 1025 Spartacus
1012 951 1179 1010 enim
1223 971 1364 1009 cum
1417 970 1513 1028 70.
1572 964 1636 1010 et
1691 948 1960 1033 amplius

258 1038 706 1123 gladiatoribus
734 1084 750 1113 ,
823 1040 1040 1118 Capita
1076 1059 1154 1098 ex
1197 1038 1346 1096 ludo
1383 1037 1653 1122 elaPSUS,
1701 1052 1957 1098 contra-

255 1131 370 1187 ctis
414 1127 610 1210 copiis
652 1147 903 1206 magnas
949 1124 1150 1187 clades
1194 1126 1505 1201 reddidit,
1573 1148 1846 1208 cumque
1883 1124 1960 1186 de

257 1212 610 1276 invadenda
665 1213 827 1273 urbe
884 1216 1251 1295 cogitasset,
1319 1214 1568 1275 tandem
1622 1238 1656 1274 a
1724 1218 1958 1273 Crasso

259 1325 620 1390 oppressus:
669 1306 752 1379 a)
801 1303 1048 1364 Piratae
1089 1325 1242 1363 vero
1281 1326 1316 1361 a
1358 1305 1650 1380 Pompejo
1693 1305 1789 1363 40.
1826 1302 1960 1362 die-

254 1415 404 1454 rum
438 1395 638 1477 spatio
676 1391 866 1452 deleti
909 1405 1069 1450 sunt.
1117 1390 1203 1470 b)
1250 1394 1510 1452 Interim
1546 1390 1697 1450 dum
1731 1389 1882 1451 foris
1921 1413 1959 1449 a

257 1485 555 1558 Pompejo
587 1482 945 1541 Romanum
979 1481 1320 1565 imperium
1354 1493 1813 1563 propugnatur,
1844 1478 1961 1538 do-

253 1573 345 1629 mi
383 1572 583 1629 Roma
625 1572 754 1652 ipsa
790 1571 1082 1629 intestino
1134 1569 1303 1628 hello
1336 1568 1469 1630 fere
1505 1567 1706 1628 deleta
1741 1581 1865 1641 est,
1902 1590 1954 1625 a.

259 1659 340 1719 U.
379 1660 523 1739 691.
567 1660 844 1716 Catilina
883 1659 1050 1716 enim
1089 1657 1387 1731 Senator,
1434 1669 1795 1743 comparato
1828 1656 1961 1715 Ro-

256 1766 588 1807 manorum
640 1747 920 1808 exercitu
986 1747 1051 1802 in
1103 1747 1397 1817 Etruria,
1478 1766 1622 1804 cum
1687 1747 1958 1803 Lentulo

256 1837 559 1896 Praetore
596 1833 855 1917 aliisque
904 1832 1312 1893 Senatoribus
1358 1831 1435 1892 de
1480 1830 1665 1893 caede
1720 1834 1959 1892 Consu-

260 1923 391 1983 lum
453 1937 516 1983 et
579 1923 871 1996 Senatus,
921 1918 1125 2003 deque
1192 1921 1530 1982 evertenda
1577 1920 1738 1980 urbe
1795 1920 1954 1979 clam

260 2011 703 2095 conjuraverat
729 2018 762 2088 3‘
812 2031 972 2093 quae
1010 2023 1215 2071 tamen
1247 2008 1482 2070 nefaria
1525 2007 1879 2091 conjuratio
1921 2029 1958 2065 a

253 2103 341 2162 M.
379 2103 580 2160 Tallio
616 2102 912 2159 'Cicerone
949 2098 1216 2159 Consule
1239 2097 1577 2182 patefacta,
1607 2096 1790 2157 brevi
1827 2093 1960 2177 ejus

255 2212 327 2249 ac
362 2191 628 2250 „Antonii
651 2188 970 2271 vigilantia
998 2207 1295 2271 oppressa
1320 2201 1442 2260 est,·
1481 2189 1759 2246 Catilina
1785 2186 1956 2245 enim

258 2279 419 2339 urbe
459 2277 724 2360 ejectus,
771 2276 849 2336 de
888 2275 1020 2335 aliis
1043 2274 1382 2359 conjuratis
1415 2274 1678 2358 dignum
1715 2271 1957 2356 suppli-

251 2369 417 2427 cium
453 2379 802 2448 sumptum,
866 2363 1115 2423 demum
1168 2367 1449 2422 Catilina
1484 2386 1628 2423 cum
1674 2362 1957 2422 exercitu

256 2455 338 2514 ab
379 2456 656 2512 Antonio
704 2452 1117 2527 Proconsule,
1164 2450 1421 2534 ejusque
1458 2452 1661 2534 legato
1703 2450 1955 2521 Petrejo

257 2564 501 2620 caesus,
577 2544 787 2600 Cicero
839 2563 993 2600 vero
1048 2565 1082 2599 a
1149 2544 1379 2600 Catone
1430 2541 1697 2606 Tribun.
1755 2536 1954 2620 plebis

257 2633 458 2698 Patet·
487 2634 747 2692 Patriae
783 2628 1122 2714 appellatus
1154 2644 1259 2691 est.
1306 2629 1491 2704 Quod
1530 2641 1736 2688 tamen
1774 2646 1957 2771 prae-

1741 2734 1776 2774 c
1802 2736 1866 2771 a-

325 2889 580 3011 a)CEpit.
616 2887 980 3013 LIiILLSg.
1015 2890 1242 3013 (ggosibus
1287 2889 1440 3012 {gia
1481 2906 1531 2969 ὀ.
1567 2886 1655 3010 2134.
1703 2885 1843 2965 qut.
1892 2885 1952 2936 in
2040 2974 2044 2978 μ

396 2980 795 3086 σέῧῗδῗῐριμοὶἶ
842 2961 1238 3103 220131Jseq?
1273 2970 1533 3086 milii?
1561 2973 1950 3085 amerspeiis’tiiil

393 3102 543 3173 Epit.
578 3103 639 3156 L.
675 3100 760 3155 99.
