2097 3726
530 249 1324 303 Romanorum.
1609 245 1688 304 55

256 426 502 482 Bellum
559 420 1004 488 Samniticum,
1071 417 1374 476 Gallicam
1397 463 1412 492 ,
1487 419 1781 476 Tarenti-

77 515 192 571 nis.
259 513 425 570 Dum
456 513 518 567 in
556 508 703 566 Asia
740 530 774 565 a
807 507 1131 581 ΡΖιίίὶρρο,
1178 503 1444 587 ejusque
1473 503 1601 565 filio
1635 508 1781 565 Ale-

76 603 323 660 xandro
364 600 448 658 M.
477 598 683 656 omnia
729 594 906 654 bellis
942 607 1003 652 et
1038 593 1406 653 tumultibus
1442 598 1782 654 misceren-

78 702 220 762 tur,
267 684 528 745 Athenis
566 706 716 743 vero
751 681 952 742 studia
983 679 1292 740 bonarum
1335 685 1565 741 artium
1598 686 1779 765 vige-

78 790 220 836 rent
243 819 258 847 ,
303 776 544 833 Romae
584 793 842 854 quoque
880 783 1044 829 artes
1090 769 1348 830 bellicae
1379 774 1783 847 enituerunt3

77 885 277 945 quare
318 864 505 922 etiam
550 861 818 920 Romani
871 859 1055 940 longe
1098 861 1389 940 graviora
1436 859 1594 919 bella
1639 877 1786 920 cum

78 951 467 1009 Samnitibus
519 963 582 1010 et
624 949 759 1007 aliis
825 968 1047 1031 gerere
1105 961 1479 1030 potuerunt3
1552 947 1787 1030 quibus

75 1040 360 1098 Romana
386 1040 587 1097 virtus
627 1060 690 1097 se
732 1036 806 1095 ad
843 1035 1014 1096 orbis
1046 1034 1438 1098 dominatum
1476 1038 1781 1097 exercuit.

74 1128 236 1187 Nam
296 1142 548 1211 praeter
594 1127 935 1197 Hernicos,
1023 1123 1437 1198 Tiburtinos,
1505 1126 1778 1206 Tarqui—

69 1217 260 1275 niens.
322 1229 386 1285 et
449 1214 746 1289 Faliscos,
807 1213 886 1292 a)
934 1215 1208 1272 maxime
1249 1212 1659 1287 diuturnum,
1707 1234 1780 1273 ac

74 1326 224 1387 prae
283 1303 420 1363 aliis
455 1302 930 1363 formidolosum
971 1315 1215 1383 gestum
1263 1315 1353 1360 est
1380 1300 1617 1361 bellum
1667 1303 1787 1358 Sa·-

73 1395 397 1450 mniticam
445 1392 618 1475 quod
651 1389 769 1451 hoc
800 1389 1132 1452 intervallo
1173 1389 1504 1471 aliquoties
1546 1391 1783 1470 repeti-

78 1496 209 1539 tum
231 1527 245 1555 ‚
275 1502 343 1540 ac
373 1482 714 1540 accerrime
751 1493 1161 1539 sustentatum
1196 1491 1330 1537 erat
1357 1522 1372 1551 ‚
1420 1479 1569 1561 (pro
1602 1479 1784 1535 Cam-

60 1573 295 1645 pani3‚
368 1570 480 1650 qui
548 1592 610 1630 se
667 1589 900 1649 suaque
951 1568 1162 1625 omnia
1213 1565 1448 1648 populo
1496 1565 1785 1625 Romano

72 1655 537 1733 tradiderunt3)
608 1655 806 1715 donec
855 1679 905 1714 a.
966 1657 1044 1713 U.
1095 1655 1160 1713 C.
1220 1655 1363 1714 455.
1424 1651 1784 1714 decretorio

73 1745 312 1830 praelio
351 1744 429 1803 ad
477 1747 794 1804 Caudinas
834 1747 1084 1829 Furcas
1120 1745 1447 1804 commisso
1469 1789 1486 1819 ,
1545 1742 1783 1802 Roma-

72 1857 188 1895 nae
234 1837 449 1917 copiae
497 1853 625 1898 tam
677 1832 891 1893 infami
942 1830 1116 1892 clade
1173 1835 1428 1892 attritae
1485 1829 1785 1907 fuissent,

72 1937 145 1982 ut
176 1936 339 1982 totus
393 1923 714 1982 Romanus
759 1924 1072 1982 exercitus
1113 1941 1259 1980 cum
1301 1934 1579 2003 utroque
1616 1920 1783 1980 Con-

74 2011 203 2072 sule
242 2010 359 2070 sub
397 2007 620 2093 jugum
663 2013 1041 2072 mitteretur.
1091 2010 1173 2090 b)
1226 2007 1468 2070 Verum
1505 2030 1644 2069 eam
1669 2011 1786 2067 'in-

74 2099 327 2159 famiam
372 2114 674 2183 sequente
722 2122 887 2160 anno
925 2097 1151 2181 majori
1195 2098 1608 2158 Samniticum
1657 2095 1785 2157 cla-

73 2187 150 2248 de
172 2209 243 2247 ac
259 2190 397 2271 pari
432 2190 771 2271 ignominia
801 2187 1096 2272 rependit
1121 2189 1452 2264 Papyrius
1492 2185 1541 2244 F
1543 2187 1782 2246 ortissi-

76 2296 213 2335 mus
252 2278 638 2360 Imperator,
703 2300 820 2361 per
861 2300 1053 2360 quem
1084 2277 1360 2336 vicissim
1402 2274 1521 2336 sub
1556 2272 1781 2359 jugum

78 2387 202 2423 una
235 2385 376 2423 cum
412 2368 634 2423 Pontio
680 2387 903 2427 eorum
935 2365 1093 2427 duce
1142 2367 1311 2425 missi
1349 2376 1507 2424 sunt.
1592 2361 1781 2436 Quod

77 2452 314 2511 bellum
372 2453 518 2514 licet
580 2455 665 2512 ita
719 2476 1019 2538 prospere
1070 2466 1434 2536 gereretur,
1515 2472 1588 2512 ac
1648 2450 1785 2514 fere

77 2540 480 2625 profligatum
510 2540 866 2620 videretur3
910 2556 1118 2603 tamen
1153 2565 1202 2601 a.
1247 2544 1324 2601 U.
1363 2542 1508 2602 442.
1546 2542 1778 2602 iterum

76 2632 228 2690 novi
274 2626 475 2690 hostes
514 2643 862 2712 eruperunt
895 2630 1040 2689 XII.
1073 2631 1530 2692 Hetruscorum
1574 2651 1781 2712 popu-

75 2717 162 2794 li,
224 2721 336 2802 qui
386 2718 711 2803 agentibus
756 2718 996 2778 Latinis
1045 2719 1109 2778 in
1161 2720 1505 2804 perniciem
1543 2718 1776 2777 Roma-

864 2827 898 2865 c
925 2810 960 2866 2
1576 2827 1690 2865 no-

84 3049 87 3051 >
149 2984 221 3043 a)
262 2979 384 3031 Liv.
426 2980 486 3033 L.
530 2979 577 3031 7.
615 2999 659 3032 c.
690 2978 741 3031 6.
783 2996 941 3050 seqq.
975 3011 1042 3019 -—
1082 2978 1171 3033 22.
1227 2977 1300 3048 b)
1350 2979 1470 3030 Liv.
1523 2977 1585 3030 L.
1620 2976 1673 3034 9.
1720 2998 1769 3030 c.

221 3047 486 3175 {5:71}
527 3050 736 3107 Florus
769 3050 836 3111 L.
872 3048 921 3159 1.
960 3070 1005 3103 c.
1047 3048 1129 3105 16.
1167 3067 1219 3103 n.
1254 3048 1304 3103 9.
1338 3049 1654 3123 Eutropius.
1700 3049 1768 3106 L.
