2097 3726
395 239 432 296 8
846 234 1459 295 Historia

300 420 407 470 ctu
459 409 747 494 quinque
800 409 1091 470 virorum
1141 431 1497 494 exponere3
1579 432 1742 495 quae
1800 424 2008 472 tamen

299 497 627 560 barbaries
670 495 1005 561 accedente
1052 499 1300 559 cultura
1341 503 1570 560 sensim
1603 502 1827 561 omissa
1874 514 1965 560 est
1992 545 2010 574 ‚

300 586 699 670 potissimum
736 601 922 663 tunc,
984 588 1133 650 dum
1175 587 1436 648 aliarum
1484 591 1671 649 etiam
1725 590 2008 672 gentium

299 673 694 736 devictarum
728 677 918 736 Sacra
952 676 1382 760 adoptassent:
1430 680 1522 737 uti
1571 680 1811 755 Cybelis
1832 723 1848 752 ‚
1884 679 2010 734 Isi-

297 766 427 839 dis,
477 774 539 821 et
589 768 882 846 Osiridis,
929 767 1249 838 Quantum
1290 767 1459 826 enim
1500 767 1770 827 Romani
1808 767 1873 823 in
1913 763 2011 822 di·-

293 850 560 912 latandis
595 854 858 937 Imperii
902 852 1131 914 finibus
1166 856 1401 913 virium
1435 876 1503 914 ac
1546 853 1860 916 bellorum
1897 855 2011 914 im-

2091 863 2093 871 -
2077 520 2097 850 Γο--κ--λεθηι--ψῷι-ηο
2083 260 2097 505 ..ε-ὀ-Ααη-..ᾹἎΜᾸ
2091 229 2097 243 .-
2092 207 2097 212 1
2093 175 2097 195 ,Δ
2094 150 2097 163 n

292 939 693 1025 penderunt,
741 957 985 1004 tantum
1025 945 1327 1004 continuo
1365 943 1777 1004 solicitudinis
1821 945 2009 1004 etiam

294 1025 725 1092 adhibuerunt
749 1077 767 1108 ‚
813 1045 884 1093 ut
907 1031 1189 1094 devictos
1227 1031 1493 1116 populos
1528 1054 1655 1093 non
1691 1030 1881 1094 modo
1921 1033 2011 1089 ci-
2092 1071 2093 1075 ,

291 1117 574 1194 vilibus,
621 1119 728 1181 sed
777 1134 842 1182 et
898 1122 1088 1181 sacris
1147 1123 1412 1194 Officiis,
1476 1143 1546 1181 ac
1582 1121 1824 1204 legibus
1872 1120 2011 1179 latis
2091 1141 2094 1171 ὲ

292 1222 652 1269 constanter
696 1211 761 1268 in
808 1210 1054 1270 Offiicio
1106 1212 1546 1287 continerent3
1614 1213 1695 1292 a)
1760 1231 2011 1271 eorum—
2092 1215 2093 1218 ’

291 1319 422 1380 que
456 1297 694 1358 animos
740 1300 807 1358 in
855 1297 1032 1358 cultu
1087 1300 1441 1383 patriorum
1482 1300 1764 1360 Deorum
1812 1297 2011 1358 infor-
2083 1333 2092 1370 ς

289 1400 542 1446 marent
580 1385 765 1448 adeo:
829 1401 901 1447 ut
942 1409 1088 1447 cum
1122 1386 1428 1469 religione
1454 1435 1469 1464 ,
1529 1388 1712 1448 simul
1756 1402 1818 1448 et
1853 1385 2013 1470 poli-
2086 1428 2090 1474 Ξ

291 1475 414 1534 tica
455 1474 845 1560 reipublicae
885 1475 1344 1536 administratio
1388 1479 1615 1538 sensim
1659 1480 1721 1536 in
1761 1475 1890 1536 dies
1932 1473 2009 1532 ad
2086 1495 2088 1497 ·

289 1561 534 1648 majora
571 1562 1019 1626 dominationis
1058 1564 1476 1626 emolumenta
1524 1567 1864 1650 pervenire
1902 1586 2013 1623 va-
2084 1633 2087 1639 ,

286 1652 431 1713 leat.
501 1655 609 1712 De
658 1655 847 1713 Culta
896 1657 1114 1732 itaque
1160 1659 1507 1715 Sacrorum
1546 1678 1666 1733 quo
1707 1658 1796 1712 acl
1837 1655 2012 1711 Colo-
2084 1656 2087 1700 ξ

286 1744 433 1800 nias
484 1742 764 1824 primum
812 1741 1209 1803 memorandi
1256 1758 1402 1803 sunt
1455 1743 1827 1817 PontificeS‚
1899 1742 2008 1823 qui
2081 1731 2085 1798 ἶ

292 1832 361 1889 in
409 1829 589 1892 Urbe
619 1832 905 1901 Romana
950 1831 1212 1914 reliquis
1257 1830 1686 1892 sacerdotibus
1720 1852 2013 1914 suprema
2077 1855 2083 1898 Δρ

289 1932 598 2004 potestate
633 1918 934 2002 praefecti
973 1934 1189 1995 erant,
1238 1934 1308 1978 ut
1347 1923 1514 1981 cives
1551 1919 1628 1977 ad
1670 1921 2010 1979 Sacrorum

292 2007 759 2068 observantiam
800 2021 863 2069 et
902 2030 1119 2069 veram
1159 2010 1458 2092 pietatem
1493 2006 1866 2080 edocerent,
1915 2009 2014 2064 in-

290 2098 734 2179 spicerentque
778 2098 842 2156 in
879 2099 1197 2158 actionum
1238 2097 1694 2171 moralitatem,
1744 2119 1825 2156 ne
1864 2117 2012 2179 pra-

291 2188 450 2246 ctice
500 2186 566 2244 in
613 2186 819 2247 Deum
860 2200 921 2246 et
966 2187 1246 2270 Regem,
1312 2200 1384 2245 ut
1421 2183 1581 2269 proh
1620 2184 1836 2245 dolor!
1895 2183 2012 2242 ob-
2071 2181 2074 2183 Α

294 2295 635 2350 servamus,
675 2289 1060 2359 peccaretur.
1110 2276 1358 2336 Talium
1378 2274 1754 2335 Pontificum
1792 2294 2013 2334 nume-

293 2385 402 2424 rus
441 2385 570 2422 nou
616 2377 754 2424 erat
786 2385 1037 2448 semper
1072 2363 1348 2447 aequalis
1387 2365 1451 2421 in
1495 2364 1778 2422 Romana
1811 2384 2009 2445 repu-

289 2451 488 2526 blica;
555 2473 700 2510 nam
734 2476 768 2511 a
805 2456 1021 2511 Numa
1063 2455 1368 2530 Pompilio
1410 2467 1684 2534 quatuor
1725 2475 1758 2512 e
1807 2453 2012 2510 Patri-

292 2543 404 2600 ciis
455 2553 637 2599 erant
682 2543 914 2614 creati,
977 2540 1210 2622 quibus
1271 2539 1525 2600 demum
1586 2540 1665 2600 ab
1723 2539 2009 2622 Ogulniis
2054 2531 2075 2593 s

295 2628 596 2690 Tribunis
654 2627 729 2688 A.
777 2630 853 2688 U.
904 2631 969 2688 C.
1029 2632 1173 2690 454.
1224 2627 1443 2689 itidem
1498 2644 1771 2711 quatuor
1830 2639 2011 2688 erant

298 2715 569 2800 adjecti,
631 2739 702 2776 ac
748 2720 935 2801 proin
978 2717 1055 2775 ad
1098 2722 1174 2777 L.
1218 2722 1434 2777 Sullae
1471 2717 1808 2777 Dictatoris
1845 2731 2010 2778 aeta-

299 2820 430 2866 tem
468 2818 650 2865 erant
684 2821 857 2878 oct03
905 2806 1135 2888 quibus
1179 2806 1430 2868 demum
1486 2810 1667 2866 Sulla
1698 2806 1778 2865 A.
1821 2808 1899 2865 U.
1939 2807 2004 2864 C.

301 2894 452 2955 671.
484 2906 722 2976 septem
753 2893 1010 2979 adjecit3
1058 2918 1185 2979 quo
1212 2918 1289 2957 ex
1326 2894 1490 2956 facto
1525 2895 1817 2981 deinceps
1848 2893 2012 2978 dup-
2066 2909 2073 2982 ξ

1769 2982 1916 3068 plex

373 3154 454 3227 a)
489 3154 696 3209 Cicero·
739 3153 806 3208 de
841 3154 1077 3226 Harusp.
1112 3152 1272 3228 Resp.
1308 3175 1353 3211 c.
1393 3155 1445 3209 9.
