2097 3726
542 126 822 182 Romano
872 119 1255 178 Graecanici.
1536 116 1661 177 505

46 300 282 362 nodum
325 298 721 369 convocavit,
788 308 850 355 et
888 295 951 352 in
995 317 1065 355 ea
1125 293 1364 353 cultum
1415 292 1755 376 imaginum

47 388 507 452 condemnavit.
558 382 835 444 Tandem
866 379 1015 441 dum
1055 383 1353 465 Bulgaros
1391 381 1601 442 denuo
1638 405 1749 465 op·

49 490 395 563 pugnaret,
442 474 529 552 a)
579 473 868 554 pestifera
912 471 1158 553 pustula
1202 485 1526 553 correptus
1557 516 1574 545 ,
1619 486 1757 530 tan-

52 582 117 627 to
173 564 389 624 dolore
435 561 876 633 cruciabatur,
924 573 993 618 ut
1051 562 1291 643 saepius
1347 560 1757 623 exclamaret:

53 656 301 731 Inferni
338 653 501 730 ignis
548 671 644 706 me
686 652 896 706 vivam
939 652 1191 706 exurit!
1254 649 1416 707 inter
1451 670 1612 728 quae
1652 673 1761 709 ex-

54 742 353 826 spiravit,
417 761 510 796 an.
545 739 867 821 regiminis
917 738 1017 803 55,
1051 734 1226 818 cujus
1270 734 1536 794 cadaver
1574 740 1764 819 pesti-

53 831 183 890 lens
229 827 666 900 combustum‚
730 827 971 885 cineres
1019 845 1174 884 vero
1228 826 1291 882 in
1334 846 1504 884 mare
1548 824 1761 910 injecti

53 932 212 978 sunt.
264 913 540 996 Symbol,
591 918 773 988 Quod
803 917 928 974 sine
952 925 1215 989 pectore
1264 914 1516 988 Corpus,

232 1007 362 1064 Leo
428 1005 549 1061 IV.
605 1006 1206 1080 Porphyrogeneta,
1273 1003 1572 1084 Princeps
1627 999 1766 1059 Ico

54 1093 358 1163 noclasta,
407 1093 599 1174 patris
635 1093 896 1173 vestigia
937 1105 1215 1163 secutus,
1263 1112 1339 1151 ex
1386 1093 1570 1147 Irene
1610 1109 1770 1147 uxo-

57 1205 128 1242 re
167 1179 365 1239 filium
414 1182 886 1239 Constantinam
934 1179 1253 1262 Collegam
1288 1179 1574 1260 imperii,
1641 1176 1769 1235 fra-

58 1286 220 1330 trem
258 1290 412 1327 vero
453 1272 878 1344 Nicephorum
916 1268 1215 1328 rebellem
1256 1262 1634 1327 Monachum
1677 1266 1766 1324 fe-

53 1362 156 1419 cit.
235 1359 618 1416 Telericlmm
669 1357 1087 1437 Bulgarorum
1135 1377 1347 1438 regem
1397 1378 1430 1413 a
1474 1358 1597 1413 suis
1655 1375 1766 1413 ex-

56 1460 446 1507 auctoratum
509 1447 569 1503 in
629 1448 986 1504 affinitatem
1063 1445 1433 1526 assumpsit,
1511 1441 1771 1524 ejusque

60 1557 180 1618 ope
236 1536 522 1616 quinque
581 1536 936 1593 Turcorum
991 1534 1056 1589 in
1122 1532 1302 1610 Syria
1363 1532 1649 1604 EmirOS,
1709 1543 1772 1589 et

63 1623 251 1682 6000.
313 1620 600 1682 Arabum
665 1620 934 1680 feliciter
1004 1617 1270 1693 occidit,
1361 1620 1675 1677 Coronam
1738 1639 1773 1678 e

67 1713 337 1787 Sophiae
387 1710 621 1794 templo
665 1708 957 1782 abstulit,
1016 1708 1449 1789 ac'regiminis
1505 1728 1670 1766 anno
1717 1706 1772 1766 5.

62 1813 348 1858 mortuus
395 1812 520 1857 est:
579 1796 660 1876 b)
723 1794 1128 1879 Symbolum:
1189 1799 1322 1872 Qno
1343 1799 1657 1873 fortuna,
1723 1796 1778 1852 si

63 1909 183 1946 non
232 1889 460 1946 utaris·
537 1891 542 1894 ’

250 1977 695 2035 Constantinus
747 1979 858 2036 VI.
898 1977 1131 2037 Leonis
1171 1971 1367 2048 filius,
1426 1995 1623 2057 quum
1665 1970 1775 2032 de·
1811 1991 1816 1996 “

64 2068 298 2125 cimum
345 2067 598 2126 circiter
651 2080 864 2147 ageret
932 2086 1168 2124 annum
1237 2063 1416 2121 initio
1474 2060 1594 2122 sub
1642 2070 1780 2121 'ma-

70 2156 184 2212 tris
256 2155 480 2212 lremis
541 2154 734 2213 tutela
804 2178 898 2222 an,
978 2156 1121 2214 780.
1195 2173 1461 2233 regnare
1531 2154 1780 2235 coepit,

70 2242 491 2316 Nicephorum
545 2243 609 2299 in
648 2243 858 2302 Sicilia
914 2240 1327 2302 rebellantem
1367 2239 1636 2301 feliciter
1680 2263 1782 2302 re·-

70 2329 328 2412 pressit,
398 2329 614 2388 Slavos
661 2352 735 2390 ex
777 2331 1039 2390 Graecia
1091 2328 1378 2411 pepulit,
1438 2328 1780 2390 Saracenos

75 2415 318 2475 tributo
359 2418 667 2498 promisso
696 2417 813 2476 sibi
853 2415 1213 2477 conciliavit
1238 2461 1252 2489 ,
1300 2414 1579 2476 adultior
1633 2416 1792 2500 legi-

70 2507 284 2563 timam
325 2525 501 2566 suam
550 2504 881 2590 coujugem
918 2500 1313 2589 repudiavit,
1360 2505 1633 2565 Matrem
1670 2528 1781 2567 ve·-

1623 2616 1699 2654 ro

152 2762 228 2834 a)
271 2763 420 2817 Paul.
466 2763 617 2814 Diac.
669 2763 729 2814 L.
771 2762 859 2818 22.
910 2761 1081 2817 Mich.
1131 2761 1345 2833 GlycaS.
1375 2763 1571 2817 Annal.
1623 2765 1686 2818 L.
1728 2765 1784 2828 4.

218 2833 452 2904 Niceph.
487 2835 895 2888 Constantinus.
928 2833 1220 2884 cedrenus.
1259 2833 1514 2886 Zonaras.
1568 2835 1641 2906 b)
1686 2838 1789 2890 Ni..

219 2904 379 2973 ceph.
416 2923 472 2974 p.
514 2904 600 2961 41.
635 2923 748 2979 seq.
783 2903 1111 2977 Theophan.
1133 2921 1188 2975 p.
1221 2900 1344 2960 358.
1376 2934 1446 2945 —
1478 2903 1601 2965 382.
1643 2908 1781 2963 Hist.

223 2975 457 3032 Miscell.
500 2977 560 3029 L.
601 2973 688 3030 23.
