2097 3726
567 159 846 214 Romano
893 159 1266 215 Germanici.
1545 160 1578 218 5
1590 159 1623 217 5
1633 161 1668 218 5

75 347 293 392 contra
332 330 538 391 Gallos
572 332 803 405 inienS‚
854 352 1002 391 mox
1045 333 1326 416 Belgium
1362 331 1762 395 Austriacum

77 443 579 503 quaquaversum
628 419 819 479 firmis
849 419 1115 479 militum
1165 419 1486 505 praesidiis
1555 426 1762 482 muni-

73 511 196 583 vit,
246 532 401 592 quos
447 512 714 594 optimos
758 523 1012 568 conatus
1047 507 1543 570 desideratissimi
1578 514 1764 594 regiS,

71 611 212 681 post
257 599 516 659 brevem
561 596 1016 679 aegritudinem
1071 601 1396 680 repentina
1448 622 1617 659 mors
1670 604 1764 660 in-

69 690 373 769 tercepit7
410 687 511 746 die
553 689 609 746 1.
657 686 871 746 Martii
918 688 1103 749 1792.
1154 688 1477 770 regiminis
1519 694 1570 749 2.
1598 703 1762 748 aeta-

62 776 139 834 tis
188 778 288 836 45.
353 779 438 852 (ι)

240 865 466 925 LVIH.
514 865 896 923 Francisczcs
945 865 1037 922 II.
1100 868 1456 946 Imperator
1499 866 1762 925 Germa-

66 956 207 1013 niae
275 955 460 1012 Patre
523 955 836 1028 Leopolclo
903 953 994 1010 II.
1058 955 1211 1035 Imp.
1270 967 1470 1015 matare
1533 958 1762 1012 Maria

63 1045 382 1100 Ladovica
432 1042 617 1102 1768.
661 1040 760 1101 die
796 1039 1127 1100 Februarii
1164 1057 1344 1120 natus
1390 1042 1760 1103 Florentiae.

61 1131 336 1190 Primam
392 1127 722 1214 conjugem
776 1125 998 1186 habuit
1043 1121 1478 1190 Elisabetham
1534 1135 1759 1190 Fride-

61 1221 181 1277 rici
224 1221 495 1297 Eugenii
555 1219 747 1277 Ducis
802 1216 1318 1302 Wtirtenbergici
1372 1219 1561 1281 filiam
1598 1266 1613 1295 ‚
1682 1242 1762 1281 ex

62 1330 186 1391 qua
240 1310 508 1391 suscepit
559 1308 948 1366 Laclovicam
1010 1322 1153 1390 post
1212 1325 1482 1370 mortem
1543 1311 1763 1370 matris

55 1409 384 1457 mortuam.
474 1394 756 1455 Secunda
816 1394 1064 1477 Conjux
1115 1410 1250 1458 erat
1306 1402 1535 1457 Maria
1605 1401 1764 1458 The-

59 1489 227 1544 resia
253 1532 268 1559 ,
315 1487 705 1545 Ferdinccndi
748 1487 867 1542 IV.
916 1483 1159 1546 Siciliae
1198 1490 1361 1572 regis
1404 1485 1565 1561 filia,
1598 1502 1660 1548 et
1705 1511 1755 1545 a.

67 1577 250 1636 1807.
318 1589 602 1649 mortua,
664 1596 744 1634 ex
809 1595 930 1654 qua
989 1588 1169 1634 natus
1221 1591 1312 1637 est
1392 1578 1488 1638 19.
1552 1576 1760 1660 April.

62 1664 250 1725 1795.
298 1662 730 1722 Fer-elinandus
756 1708 771 1738 ,
813 1661 1071 1746 Imperii
1116 1663 1428 1725 Austriaci
1466 1667 1766 1725 Caesare-

57 1772 162 1826 US,
209 1753 610 1833 Hungariae‚
648 1748 978 1811 Bohemiae
1022 1765 1085 1811 et
1114 1752 1381 1814 aliorum
1424 1775 1768 1839 regnorum

59 1841 291 1924 Regius
338 1843 624 1901 Coronae
655 1841 953 1923 Princeps
975 1854 1037 1900 et
1057 1841 1390 1904 Successor
1421 1843 1637 1903 Troni.
1687 1846 1764 1903 II.

61 1931 292 1988 Maria
330 1933 656 1990 Ludovica
699 1944 839 1988 nata
881 1931 1066 1992 1791.
1115 1929 1352 1994 ducissa
1383 1933 1461 1995 de
1507 1935 1763 2008 Parma,

59 2018 350 2080 Piacensa
393 2064 409 2093 ,
485 2032 548 2080 et
614 2017 926 2078 Guastalla
1005 2022 1408 2083 matrimonio
1476 2023 1761 2107 copulata

57 2109 239 2173 1810.
287 2129 430 2167 cum
469 2106 599 2191 ejus
630 2110 930 2192 temporis
955 2108 1347 2193 Imperatore
1394 2115 1755 2189 Napoleone

52 2208 116 2255 et
184 2196 530 2257 Galliarum
578 2217 741 2278 rege.
804 2200 908 2256 ΙΙΙ.
967 2200 1269 2257 Carolina
1339 2204 1521 2284 1795.
1583 2223 1757 2260 mor-

53 2297 175 2342 tua.
224 2287 331 2346 IV.
403 2287 702 2345 carolina
746 2288 1036 2346 Ludvica
1089 2306 1271 2371 1799.
1318 2305 1496 2362 nata,
1543 2304 1606 2348 et
1657 2306 1755 2347 an.

61 2374 245 2452 1817.
315 2376 541 2455 nuptui
599 2373 739 2433 data
775 2376 964 2433 Petro
1011 2376 1381 2456 Regnorum
1431 2377 1759 2460 Portugal-

54 2461 208 2534 liae,
244 2462 540 2523 Braziliae
590 2476 654 2523 et
713 2462 1048 2545 Algarbiae
1102 2468 1387 2528 Coronae
1440 2469 1756 2550 principi,

50 2549 290 2611 habitat
344 2554 409 2610 in
466 2552 760 2612 America
835 2552 1134 2616 Braziliae
1216 2556 1554 2640 metropoli
1633 2560 1757 2622 1250

51 2645 125 2699 de
169 2641 441 2700 Janeiro.
501 2644 606 2703 VI.
665 2644 892 2701 Maria
944 2644 1327 2702 Clementina
1388 2645 1752 2728 desponsata

60 2729 247 2791 1816:
279 2732 590 2807 Leopoldo
642 2733 1030 2791 Ferdinandi
1072 2735 1192 2792 IV.
1241 2733 1599 2794 Siciliarum
1652 2755 1754 2794 re-

1575 2821 1666 2906 gis

118 3009 196 3081 a)
237 3011 406 3135 Idgeffi.
447 3010 802 3134 ibid37l7audes
841 3023 895 3066 et
945 3011 1087 3066 facta
1134 3011 1400 3086 Leopoldi
1437 3013 1499 3067 II.
1551 3013 1749 3072 rafert.

192 3100 246 3153 p.
394 3123 404 3132 .
441 3112 511 3123 -
655 3122 665 3133 .
