<?xml version="1.0" encoding="UTF-8"?>
<!DOCTYPE html PUBLIC "-//W3C//DTD XHTML 1.0 Transitional//EN"
    "http://www.w3.org/TR/xhtml1/DTD/xhtml1-transitional.dtd">
<html xmlns="http://www.w3.org/1999/xhtml" xml:lang="en" lang="en">
 <head>
  <title>
</title>
<meta http-equiv="Content-Type" content="text/html;charset=utf-8" />
  <meta name='ocr-system' content='tesseract 3.04.00' />
  <meta name='ocr-capabilities' content='ocr_page ocr_carea ocr_par ocr_line ocrx_word'/>
</head>
<body>
  <div class='ocr_page' id='page_1' title='image "./historiauniversa02nagy_0430.png"; bbox 0 0 2097 3726; ppageno 0'>
   <div class='ocr_carea' id='block_1_1' title="bbox 370 146 1414 222">
    <p class='ocr_par' dir='ltr' id='par_1_1' title="bbox 370 146 1414 222">
     <span class='ocr_line' id='line_1_1' title="bbox 370 146 1414 222; baseline 0.001 -20"><span class='ocrx_word' id='word_1_1' title='bbox 370 146 438 203; x_wconf 85' lang='lat'>41</span> <span class='ocrx_word' id='word_1_2' title='bbox 455 166 493 202; x_wconf 87' lang='grc'>0</span> <span class='ocrx_word' id='word_1_3' title='bbox 814 146 1109 203; x_wconf 67' lang='lat' dir='ltr'>Historia</span> <span class='ocrx_word' id='word_1_4' title='bbox 1155 150 1414 222; x_wconf 78' lang='lat' dir='ltr'>Imperii</span> 
     </span>
    </p>
   </div>
   <div class='ocr_carea' id='block_1_2' title="bbox 272 317 1980 2848">
    <p class='ocr_par' dir='ltr' id='par_1_2' title="bbox 272 317 1980 2848">
     <span class='ocr_line' id='line_1_2' title="bbox 277 317 1955 394; baseline 0.001 -16"><span class='ocrx_word' id='word_1_5' title='bbox 277 318 352 379; x_wconf 85' lang='lat' dir='ltr'>ad</span> <span class='ocrx_word' id='word_1_6' title='bbox 394 319 459 377; x_wconf 88' lang='grc' dir='ltr'>Β.</span> <span class='ocrx_word' id='word_1_7' title='bbox 512 319 590 376; x_wconf 89' lang='lat' dir='ltr'>V.</span> <span class='ocrx_word' id='word_1_8' title='bbox 635 317 894 376; x_wconf 87' lang='lat' dir='ltr'>Mariam</span> <span class='ocrx_word' id='word_1_9' title='bbox 940 343 975 378; x_wconf 90' lang='lat' dir='ltr'>a</span> <span class='ocrx_word' id='word_1_10' title='bbox 1030 318 1464 381; x_wconf 71' lang='lat' dir='ltr'>Sacerdotibus</span> <span class='ocrx_word' id='word_1_11' title='bbox 1519 318 1955 394; x_wconf 74' lang='lat' dir='ltr'>funderentur,</span> 
     </span>
     <span class='ocr_line' id='line_1_3' title="bbox 275 406 1951 491; baseline 0.001 -26"><span class='ocrx_word' id='word_1_12' title='bbox 275 422 337 466; x_wconf 86' lang='lat' dir='ltr'>et</span> <span class='ocrx_word' id='word_1_13' title='bbox 380 406 663 464; x_wconf 80' lang='lat' dir='ltr'>salutatio</span> <span class='ocrx_word' id='word_1_14' title='bbox 717 406 1015 489; x_wconf 79' lang='lat' dir='ltr'>Angelica</span> <span class='ocrx_word' id='word_1_15' title='bbox 1053 412 1286 490; x_wconf 72' lang='lat' dir='ltr'>saepius</span> <span class='ocrx_word' id='word_1_16' title='bbox 1334 412 1729 473; x_wconf 80' lang='lat' dir='ltr'>recitaretur:</span> <span class='ocrx_word' id='word_1_17' title='bbox 1800 430 1951 491; x_wconf 86' lang='lat' dir='ltr'>quas</span> 
     </span>
     <span class='ocr_line' id='line_1_4' title="bbox 274 495 1958 579; baseline 0.001 -26"><span class='ocrx_word' id='word_1_18' title='bbox 274 509 349 553; x_wconf 87' lang='lat' dir='ltr'>ut</span> <span class='ocrx_word' id='word_1_19' title='bbox 398 515 725 552; x_wconf 84' lang='lat' dir='ltr'>numerare</span> <span class='ocrx_word' id='word_1_20' title='bbox 778 512 1028 577; x_wconf 76' lang='lat' dir='ltr'><strong>possent</strong></span> <span class='ocrx_word' id='word_1_21' title='bbox 1062 542 1078 571; x_wconf 85' lang='grc'>,</span> <span class='ocrx_word' id='word_1_22' title='bbox 1140 495 1314 579; x_wconf 83' lang='lat' dir='ltr'>jussit</span> <span class='ocrx_word' id='word_1_23' title='bbox 1356 499 1659 571; x_wconf 76' lang='lat' dir='ltr'>Cleric08‚</span> <span class='ocrx_word' id='word_1_24' title='bbox 1722 496 1958 578; x_wconf 79' lang='lat' dir='ltr'>ligneos</span> 
     </span>
     <span class='ocr_line' id='line_1_5' title="bbox 273 579 1955 667; baseline 0.002 -29"><span class='ocrx_word' id='word_1_25' title='bbox 273 581 554 664; x_wconf 80' lang='lat' dir='ltr'>globulos</span> <span class='ocrx_word' id='word_1_26' title='bbox 598 584 661 641; x_wconf 90' lang='lat' dir='ltr'>in</span> <span class='ocrx_word' id='word_1_27' title='bbox 697 580 803 641; x_wconf 87' lang='lat' dir='ltr'>filo</span> <span class='ocrx_word' id='word_1_28' title='bbox 840 579 1104 657; x_wconf 85' lang='lat' dir='ltr'>habere,</span> <span class='ocrx_word' id='word_1_29' title='bbox 1191 588 1303 667; x_wconf 84' lang='lat' dir='ltr'>qui</span> <span class='ocrx_word' id='word_1_30' title='bbox 1349 586 1491 646; x_wconf 89' lang='lat' dir='ltr'>dein</span> <span class='ocrx_word' id='word_1_31' title='bbox 1535 589 1814 643; x_wconf 76' lang='lat' dir='ltr'>Rosaria</span> <span class='ocrx_word' id='word_1_32' title='bbox 1862 585 1955 644; x_wconf 85' lang='lat' dir='ltr'>di-</span> 
     </span>
     <span class='ocr_line' id='line_1_6' title="bbox 272 667 1962 752; baseline 0.001 -24"><span class='ocrx_word' id='word_1_33' title='bbox 272 672 355 729; x_wconf 88' lang='lat' dir='ltr'>cti</span> <span class='ocrx_word' id='word_1_34' title='bbox 391 682 547 729; x_wconf 87' lang='lat' dir='ltr'>sunt.</span> <span class='ocrx_word' id='word_1_35' title='bbox 618 667 811 752; x_wconf 87' lang='lat' dir='ltr'>Cujus</span> <span class='ocrx_word' id='word_1_36' title='bbox 852 668 1231 732; x_wconf 78' lang='lat' dir='ltr'>hortationes</span> <span class='ocrx_word' id='word_1_37' title='bbox 1276 687 1475 733; x_wconf 86' lang='lat' dir='ltr'>tantos</span> <span class='ocrx_word' id='word_1_38' title='bbox 1514 694 1817 733; x_wconf 86' lang='lat' dir='ltr'>successus</span> <span class='ocrx_word' id='word_1_39' title='bbox 1852 671 1962 731; x_wconf 88' lang='lat' dir='ltr'>ha-</span> 
     </span>
     <span class='ocr_line' id='line_1_7' title="bbox 273 758 1962 845; baseline 0 -27"><span class='ocrx_word' id='word_1_40' title='bbox 273 758 589 831; x_wconf 83' lang='lat' dir='ltr'>buerunt,</span> <span class='ocrx_word' id='word_1_41' title='bbox 647 771 718 816; x_wconf 87' lang='lat' dir='ltr'>ut</span> <span class='ocrx_word' id='word_1_42' title='bbox 758 758 832 817; x_wconf 88' lang='lat' dir='ltr'>ad</span> <span class='ocrx_word' id='word_1_43' title='bbox 896 759 1037 820; x_wconf 83' lang='grc'><strong>600.</strong></span> <span class='ocrx_word' id='word_1_44' title='bbox 1085 760 1273 819; x_wconf 89' lang='lat' dir='ltr'>millia</span> <span class='ocrx_word' id='word_1_45' title='bbox 1325 761 1635 845; x_wconf 77' lang='lat' dir='ltr'>peditum,</span> <span class='ocrx_word' id='word_1_46' title='bbox 1698 775 1759 820; x_wconf 87' lang='lat' dir='ltr'>et</span> <span class='ocrx_word' id='word_1_47' title='bbox 1823 779 1962 820; x_wconf 93' lang='grc'><strong>100.</strong></span> 
     </span>
     <span class='ocr_line' id='line_1_8' title="bbox 272 846 1964 934; baseline -0.001 -27"><span class='ocrx_word' id='word_1_48' title='bbox 272 846 472 907; x_wconf 90' lang='lat' dir='ltr'>millia</span> <span class='ocrx_word' id='word_1_49' title='bbox 511 847 847 928; x_wconf 82' lang='lat' dir='ltr'>Equitum,</span> <span class='ocrx_word' id='word_1_50' title='bbox 911 852 1088 907; x_wconf 87' lang='lat' dir='ltr'>vario</span> <span class='ocrx_word' id='word_1_51' title='bbox 1129 850 1350 911; x_wconf 90' lang='lat' dir='ltr'>itinere</span> <span class='ocrx_word' id='word_1_52' title='bbox 1392 850 1852 934; x_wconf 74' lang='lat' dir='ltr'>expeditionem</span> <span class='ocrx_word' id='word_1_53' title='bbox 1897 850 1964 906; x_wconf 88' lang='lat' dir='ltr'>in</span> 
     </span>
     <span class='ocr_line' id='line_1_9' title="bbox 272 934 1970 1018; baseline -0.001 -23"><span class='ocrx_word' id='word_1_54' title='bbox 272 934 681 995; x_wconf 82' lang='lat' dir='ltr'>Palaestinam</span> <span class='ocrx_word' id='word_1_55' title='bbox 724 936 1156 1017; x_wconf 77' lang='lat' dir='ltr'>suscipiente5‚</span> <span class='ocrx_word' id='word_1_56' title='bbox 1219 940 1393 1018; x_wconf 88' lang='lat' dir='ltr'>quasi</span> <span class='ocrx_word' id='word_1_57' title='bbox 1434 942 1756 999; x_wconf 88' lang='lat' dir='ltr'>universus</span> <span class='ocrx_word' id='word_1_58' title='bbox 1804 938 1970 996; x_wconf 86' lang='lat' dir='ltr'>occi·-</span> 
     </span>
     <span class='ocr_line' id='line_1_10' title="bbox 279 1022 1969 1107; baseline 0.001 -26"><span class='ocrx_word' id='word_1_59' title='bbox 279 1022 430 1083; x_wconf 88' lang='lat' dir='ltr'>dens</span> <span class='ocrx_word' id='word_1_60' title='bbox 465 1024 527 1082; x_wconf 88' lang='lat' dir='ltr'>in</span> <span class='ocrx_word' id='word_1_61' title='bbox 567 1024 889 1084; x_wconf 74' lang='lat' dir='ltr'>OrIentem</span> <span class='ocrx_word' id='word_1_62' title='bbox 921 1023 1270 1105; x_wconf 81' lang='lat' dir='ltr'>demigrare</span> <span class='ocrx_word' id='word_1_63' title='bbox 1305 1026 1644 1087; x_wconf 85' lang='lat' dir='ltr'>videretur.</span> <span class='ocrx_word' id='word_1_64' title='bbox 1693 1028 1784 1085; x_wconf 73' lang='lat' dir='ltr'>Ex</span> <span class='ocrx_word' id='word_1_65' title='bbox 1814 1026 1969 1107; x_wconf 85' lang='lat' dir='ltr'>qui-</span> 
     </span>
     <span class='ocr_line' id='line_1_11' title="bbox 278 1111 1969 1196; baseline -0.001 -25"><span class='ocrx_word' id='word_1_66' title='bbox 278 1111 396 1171; x_wconf 84' lang='lat' dir='ltr'>bus</span> <span class='ocrx_word' id='word_1_67' title='bbox 428 1112 609 1172; x_wconf 86' lang='lat' dir='ltr'>etiam</span> <span class='ocrx_word' id='word_1_68' title='bbox 647 1134 760 1194; x_wconf 89' lang='lat' dir='ltr'>per</span> <span class='ocrx_word' id='word_1_69' title='bbox 803 1113 1224 1196; x_wconf 80' lang='lat' dir='ltr'>Hungariam‚</span> <span class='ocrx_word' id='word_1_70' title='bbox 1285 1135 1393 1173; x_wconf 78' lang='lat' dir='ltr'>sex</span> <span class='ocrx_word' id='word_1_71' title='bbox 1436 1118 1677 1196; x_wconf 81' lang='lat' dir='ltr'>agmina</span> <span class='ocrx_word' id='word_1_72' title='bbox 1704 1159 1720 1186; x_wconf 92' lang='lat'><strong><em>,</em></strong></span> <span class='ocrx_word' id='word_1_73' title='bbox 1769 1114 1969 1172; x_wconf 76' lang='lat' dir='ltr'>maxi-</span> 
     </span>
     <span class='ocr_line' id='line_1_12' title="bbox 279 1198 1969 1284; baseline -0.001 -25"><span class='ocrx_word' id='word_1_74' title='bbox 279 1221 388 1259; x_wconf 87' lang='lat' dir='ltr'>mo</span> <span class='ocrx_word' id='word_1_75' title='bbox 429 1201 604 1281; x_wconf 79' lang='lat' dir='ltr'>regni</span> <span class='ocrx_word' id='word_1_76' title='bbox 662 1198 889 1259; x_wconf 86' lang='lat' dir='ltr'>damno</span> <span class='ocrx_word' id='word_1_77' title='bbox 940 1201 1381 1261; x_wconf 87' lang='lat' dir='ltr'>transiverunt.</span> <span class='ocrx_word' id='word_1_78' title='bbox 1456 1205 1543 1279; x_wconf 82' lang='lat' dir='ltr'>a)</span> <span class='ocrx_word' id='word_1_79' title='bbox 1589 1203 1969 1284; x_wconf 84' lang='lat' dir='ltr'>Praecipuus</span> 
     </span>
     <span class='ocr_line' id='line_1_13' title="bbox 278 1287 1966 1364; baseline -0.001 -17"><span class='ocrx_word' id='word_1_80' title='bbox 278 1289 422 1347; x_wconf 77' lang='lat' dir='ltr'>Dux</span> <span class='ocrx_word' id='word_1_81' title='bbox 451 1289 673 1347; x_wconf 85' lang='lat' dir='ltr'>Sacrae</span> <span class='ocrx_word' id='word_1_82' title='bbox 705 1288 962 1348; x_wconf 86' lang='lat' dir='ltr'>militiae</span> <span class='ocrx_word' id='word_1_83' title='bbox 991 1287 1112 1347; x_wconf 89' lang='lat' dir='ltr'>fuit</span> <span class='ocrx_word' id='word_1_84' title='bbox 1161 1292 1530 1364; x_wconf 69' lang='lat' dir='ltr'>Godefriclas</span> <span class='ocrx_word' id='word_1_85' title='bbox 1560 1293 1966 1348; x_wconf 69' lang='lat' dir='ltr'>Bzclliozzctezcs</span> 
     </span>
     <span class='ocr_line' id='line_1_14' title="bbox 276 1374 1970 1457; baseline -0.002 -20"><span class='ocrx_word' id='word_1_86' title='bbox 276 1374 695 1457; x_wconf 81' lang='lat' dir='ltr'>Lotharingus</span> <span class='ocrx_word' id='word_1_87' title='bbox 733 1397 874 1435; x_wconf 88' lang='lat' dir='ltr'>cum</span> <span class='ocrx_word' id='word_1_88' title='bbox 905 1376 1203 1436; x_wconf 86' lang='lat' dir='ltr'>fratribus</span> <span class='ocrx_word' id='word_1_89' title='bbox 1241 1381 1583 1436; x_wconf 65' lang='lat' dir='ltr'>Eustochio</span> <span class='ocrx_word' id='word_1_90' title='bbox 1619 1391 1677 1438; x_wconf 86' lang='lat' dir='ltr'>et</span> <span class='ocrx_word' id='word_1_91' title='bbox 1710 1380 1970 1435; x_wconf 73' lang='lat' dir='ltr'>Baldaz&#39;-</span> 
     </span>
     <span class='ocr_line' id='line_1_15' title="bbox 278 1464 1967 1550; baseline 0 -27"><span class='ocrx_word' id='word_1_92' title='bbox 278 1488 373 1524; x_wconf 82' lang='lat' dir='ltr'>no.</span> <span class='ocrx_word' id='word_1_93' title='bbox 456 1468 613 1525; x_wconf 86' lang='lat' dir='ltr'>Item</span> <span class='ocrx_word' id='word_1_94' title='bbox 671 1467 864 1543; x_wconf 76' lang='lat' dir='ltr'>Hugo</span> <span class='ocrx_word' id='word_1_95' title='bbox 915 1468 1007 1524; x_wconf 77' lang='lat' dir='ltr'><em>M</em></span> <span class='ocrx_word' id='word_1_96' title='bbox 1068 1464 1338 1550; x_wconf 81' lang='lat' dir='ltr'>Philippi</span> <span class='ocrx_word' id='word_1_97' title='bbox 1395 1465 1742 1526; x_wconf 85' lang='lat' dir='ltr'>Galliarum</span> <span class='ocrx_word' id='word_1_98' title='bbox 1804 1468 1967 1546; x_wconf 79' lang='lat' dir='ltr'>regis</span> 
     </span>
     <span class='ocr_line' id='line_1_16' title="bbox 279 1552 1974 1638; baseline -0.002 -26"><span class='ocrx_word' id='word_1_99' title='bbox 279 1553 490 1613; x_wconf 85' lang='lat' dir='ltr'>frater.</span> <span class='ocrx_word' id='word_1_100' title='bbox 558 1556 960 1613; x_wconf 71' lang='lat' dir='ltr'>Boanzzmclas</span> <span class='ocrx_word' id='word_1_101' title='bbox 996 1556 1252 1636; x_wconf 79' lang='lat' dir='ltr'>Rogerii</span> <span class='ocrx_word' id='word_1_102' title='bbox 1298 1555 1572 1638; x_wconf 84' lang='lat' dir='ltr'>Apuliae</span> <span class='ocrx_word' id='word_1_103' title='bbox 1620 1553 1805 1612; x_wconf 87' lang='lat' dir='ltr'>Ducis</span> <span class='ocrx_word' id='word_1_104' title='bbox 1847 1552 1974 1610; x_wconf 88' lang='lat' dir='ltr'>sra-</span> 
     </span>
     <span class='ocr_line' id='line_1_17' title="bbox 280 1642 1973 1718; baseline 0 -18"><span class='ocrx_word' id='word_1_105' title='bbox 280 1657 395 1701; x_wconf 84' lang='lat' dir='ltr'>ter.</span> <span class='ocrx_word' id='word_1_106' title='bbox 459 1642 771 1700; x_wconf 70' lang='lat' dir='ltr'>Robertzcs</span> <span class='ocrx_word' id='word_1_107' title='bbox 804 1644 1224 1702; x_wconf 86' lang='lat' dir='ltr'>Normanniae</span> <span class='ocrx_word' id='word_1_108' title='bbox 1270 1644 1446 1718; x_wconf 71' lang='lat' dir='ltr'>Dux,</span> <span class='ocrx_word' id='word_1_109' title='bbox 1498 1644 1809 1701; x_wconf 74' lang='lat' dir='ltr'>Roberczcs</span> <span class='ocrx_word' id='word_1_110' title='bbox 1855 1642 1973 1700; x_wconf 94' lang='lat' dir='ltr'>Co-</span> 
     </span>
     <span class='ocr_line' id='line_1_18' title="bbox 282 1728 1972 1790; baseline 0.001 -1"><span class='ocrx_word' id='word_1_111' title='bbox 282 1750 411 1789; x_wconf 84' lang='lat' dir='ltr'>mes</span> <span class='ocrx_word' id='word_1_112' title='bbox 467 1728 806 1789; x_wconf 86' lang='lat' dir='ltr'>Flandriae.</span> <span class='ocrx_word' id='word_1_113' title='bbox 871 1733 1097 1789; x_wconf 73' lang='lat' dir='ltr'>Petrus</span> <span class='ocrx_word' id='word_1_114' title='bbox 1142 1733 1430 1790; x_wconf 82' lang='lat' dir='ltr'>Eremita.</span> <span class='ocrx_word' id='word_1_115' title='bbox 1484 1735 1801 1789; x_wconf 73' lang='lat' dir='ltr'>Valtems.</span> <span class='ocrx_word' id='word_1_116' title='bbox 1852 1744 1972 1790; x_wconf 72' lang='lat' dir='ltr'>etc·</span> 
     </span>
     <span class='ocr_line' id='line_1_19' title="bbox 282 1815 1976 1901; baseline -0.001 -24"><span class='ocrx_word' id='word_1_117' title='bbox 282 1816 511 1878; x_wconf 80' lang='lat' dir='ltr'>Milites</span> <span class='ocrx_word' id='word_1_118' title='bbox 548 1815 724 1898; x_wconf 85' lang='lat' dir='ltr'>hujus</span> <span class='ocrx_word' id='word_1_119' title='bbox 761 1817 1205 1901; x_wconf 76' lang='lat' dir='ltr'>expeditioniS,</span> <span class='ocrx_word' id='word_1_120' title='bbox 1266 1840 1510 1878; x_wconf 88' lang='lat' dir='ltr'>crucem</span> <span class='ocrx_word' id='word_1_121' title='bbox 1557 1841 1633 1877; x_wconf 71' lang='lat' dir='ltr'>ex</span> <span class='ocrx_word' id='word_1_122' title='bbox 1675 1818 1811 1875; x_wconf 81' lang='lat' dir='ltr'>lana</span> <span class='ocrx_word' id='word_1_123' title='bbox 1850 1816 1976 1876; x_wconf 80' lang='lat' dir='ltr'>hu·-</span> 
     </span>
     <span class='ocr_line' id='line_1_20' title="bbox 284 1906 1972 1988; baseline -0.001 -24"><span class='ocrx_word' id='word_1_124' title='bbox 284 1907 473 1965; x_wconf 88' lang='lat' dir='ltr'>:meris</span> <span class='ocrx_word' id='word_1_125' title='bbox 530 1920 797 1964; x_wconf 84' lang='lat' dir='ltr'>assutam</span> <span class='ocrx_word' id='word_1_126' title='bbox 853 1906 1206 1988; x_wconf 79' lang='lat' dir='ltr'>gestabant,</span> <span class='ocrx_word' id='word_1_127' title='bbox 1276 1906 1439 1966; x_wconf 89' lang='lat' dir='ltr'>unde</span> <span class='ocrx_word' id='word_1_128' title='bbox 1499 1909 1691 1964; x_wconf 73' lang='lat' dir='ltr'>Cruce</span> <span class='ocrx_word' id='word_1_129' title='bbox 1735 1909 1972 1983; x_wconf 76' lang='lat' dir='ltr'>signati</span> 
     </span>
     <span class='ocr_line' id='line_1_21' title="bbox 285 1993 1974 2077; baseline 0.001 -25"><span class='ocrx_word' id='word_1_130' title='bbox 285 1993 434 2053; x_wconf 88' lang='lat' dir='ltr'>dicti</span> <span class='ocrx_word' id='word_1_131' title='bbox 471 2007 649 2053; x_wconf 76' lang='lat' dir='ltr'>sunt:</span> <span class='ocrx_word' id='word_1_132' title='bbox 700 1996 809 2076; x_wconf 82' lang='lat' dir='ltr'>qui</span> <span class='ocrx_word' id='word_1_133' title='bbox 850 1994 1094 2077; x_wconf 86' lang='lat' dir='ltr'>plenam</span> <span class='ocrx_word' id='word_1_134' title='bbox 1137 1996 1416 2053; x_wconf 88' lang='lat' dir='ltr'>omnium</span> <span class='ocrx_word' id='word_1_135' title='bbox 1451 2009 1842 2077; x_wconf 85' lang='lat' dir='ltr'>peccatorum</span> <span class='ocrx_word' id='word_1_136' title='bbox 1875 2017 1974 2054; x_wconf 90' lang='lat' dir='ltr'>re·-</span> 
     </span>
     <span class='ocr_line' id='line_1_22' title="bbox 287 2083 1976 2143; baseline 0 -2"><span class='ocrx_word' id='word_1_137' title='bbox 287 2084 645 2141; x_wconf 85' lang='lat' dir='ltr'>missionem</span> <span class='ocrx_word' id='word_1_138' title='bbox 685 2083 1113 2143; x_wconf 79' lang='lat' dir='ltr'>obtinuerunt.</span> <span class='ocrx_word' id='word_1_139' title='bbox 1177 2084 1424 2141; x_wconf 86' lang='lat' dir='ltr'>Primus</span> <span class='ocrx_word' id='word_1_140' title='bbox 1463 2083 1783 2141; x_wconf 82' lang='lat' dir='ltr'>conflictus</span> <span class='ocrx_word' id='word_1_141' title='bbox 1835 2103 1976 2141; x_wconf 89' lang='lat' dir='ltr'>cum</span> 
     </span>
     <span class='ocr_line' id='line_1_23' title="bbox 284 2170 1975 2253; baseline -0.001 -25"><span class='ocrx_word' id='word_1_142' title='bbox 284 2171 602 2229; x_wconf 84' lang='lat' dir='ltr'>Saracenis</span> <span class='ocrx_word' id='word_1_143' title='bbox 642 2185 776 2230; x_wconf 86' lang='lat' dir='ltr'>erat</span> <span class='ocrx_word' id='word_1_144' title='bbox 810 2194 859 2228; x_wconf 86' lang='lat' dir='ltr'>a.</span> <span class='ocrx_word' id='word_1_145' title='bbox 916 2193 1086 2253; x_wconf 76' lang='lat'>1097.</span> <span class='ocrx_word' id='word_1_146' title='bbox 1124 2170 1229 2229; x_wconf 84' lang='lat' dir='ltr'>ubi</span> <span class='ocrx_word' id='word_1_147' title='bbox 1267 2173 1532 2231; x_wconf 85' lang='lat' dir='ltr'>victores</span> <span class='ocrx_word' id='word_1_148' title='bbox 1577 2173 1975 2245; x_wconf 73' lang='lat' dir='ltr'>exstiterunt,</span> 
     </span>
     <span class='ocr_line' id='line_1_24' title="bbox 286 2258 1977 2341; baseline -0.001 -22"><span class='ocrx_word' id='word_1_149' title='bbox 286 2280 358 2319; x_wconf 85' lang='lat' dir='ltr'>ac</span> <span class='ocrx_word' id='word_1_150' title='bbox 398 2258 614 2319; x_wconf 88' lang='lat' dir='ltr'>eodem</span> <span class='ocrx_word' id='word_1_151' title='bbox 652 2281 814 2319; x_wconf 88' lang='lat' dir='ltr'>anno</span> <span class='ocrx_word' id='word_1_152' title='bbox 865 2262 1167 2318; x_wconf 77' lang='lat' dir='ltr'>Nicaeam</span> <span class='ocrx_word' id='word_1_153' title='bbox 1208 2273 1676 2341; x_wconf 73' lang='lat' dir='ltr'>expugnarunt,</span> <span class='ocrx_word' id='word_1_154' title='bbox 1723 2279 1792 2316; x_wconf 89' lang='lat' dir='ltr'>ac</span> <span class='ocrx_word' id='word_1_155' title='bbox 1831 2258 1977 2319; x_wconf 89' lang='lat' dir='ltr'>dein</span> 
     </span>
     <span class='ocr_line' id='line_1_25' title="bbox 285 2347 1975 2430; baseline -0.001 -23"><span class='ocrx_word' id='word_1_156' title='bbox 285 2358 554 2430; x_wconf 84' lang='lat' dir='ltr'>quatuor</span> <span class='ocrx_word' id='word_1_157' title='bbox 591 2368 897 2407; x_wconf 87' lang='lat' dir='ltr'>annorum</span> <span class='ocrx_word' id='word_1_158' title='bbox 941 2349 1135 2429; x_wconf 83' lang='lat' dir='ltr'>spatio</span> <span class='ocrx_word' id='word_1_159' title='bbox 1174 2347 1319 2405; x_wconf 89' lang='lat' dir='ltr'>alias</span> <span class='ocrx_word' id='word_1_160' title='bbox 1368 2349 1548 2407; x_wconf 82' lang='lat' dir='ltr'>Asiae</span> <span class='ocrx_word' id='word_1_161' title='bbox 1588 2348 1934 2429; x_wconf 83' lang='lat' dir='ltr'>provintias</span> <span class='ocrx_word' id='word_1_162' title='bbox 1959 2391 1975 2421; x_wconf 86' lang='lat'>‚</span> 
     </span>
     <span class='ocr_line' id='line_1_26' title="bbox 284 2436 1972 2519; baseline 0 -25"><span class='ocrx_word' id='word_1_163' title='bbox 284 2438 377 2495; x_wconf 89' lang='lat' dir='ltr'>uti</span> <span class='ocrx_word' id='word_1_164' title='bbox 420 2437 791 2516; x_wconf 84' lang='lat' dir='ltr'>Lycaoniam</span> <span class='ocrx_word' id='word_1_165' title='bbox 817 2483 832 2511; x_wconf 61' lang='lat'>7</span> <span class='ocrx_word' id='word_1_166' title='bbox 879 2436 1198 2509; x_wconf 84' lang='lat' dir='ltr'>Ciliciam,</span> <span class='ocrx_word' id='word_1_167' title='bbox 1246 2436 1797 2519; x_wconf 80' lang='lat' dir='ltr'>Mesopotamiam,</span> <span class='ocrx_word' id='word_1_168' title='bbox 1857 2437 1972 2494; x_wconf 89' lang='lat' dir='ltr'>Co-</span> 
     </span>
     <span class='ocr_line' id='line_1_27' title="bbox 286 2525 1975 2608; baseline -0.002 -24"><span class='ocrx_word' id='word_1_169' title='bbox 286 2546 641 2605; x_wconf 81' lang='lat' dir='ltr'>magenam‚</span> <span class='ocrx_word' id='word_1_170' title='bbox 688 2526 870 2584; x_wconf 85' lang='lat' dir='ltr'>caesis</span> <span class='ocrx_word' id='word_1_171' title='bbox 914 2525 1369 2585; x_wconf 86' lang='lat' dir='ltr'>Turcomannis</span> <span class='ocrx_word' id='word_1_172' title='bbox 1408 2526 1790 2608; x_wconf 86' lang='lat' dir='ltr'>eripuerunt.</span> <span class='ocrx_word' id='word_1_173' title='bbox 1838 2528 1975 2582; x_wconf 81' lang='grc' dir='ltr'>Λη-</span> 
     </span>
     <span class='ocr_line' id='line_1_28' title="bbox 290 2611 1980 2694; baseline 0.001 -25"><span class='ocrx_word' id='word_1_174' title='bbox 290 2615 584 2670; x_wconf 72' lang='lat' dir='ltr'>tiochiam</span> <span class='ocrx_word' id='word_1_175' title='bbox 621 2635 671 2671; x_wconf 90' lang='lat' dir='ltr'>a.</span> <span class='ocrx_word' id='word_1_176' title='bbox 720 2615 900 2694; x_wconf 76' lang='lat'>1098.</span> <span class='ocrx_word' id='word_1_177' title='bbox 934 2635 1160 2673; x_wconf 87' lang='lat' dir='ltr'>novem</span> <span class='ocrx_word' id='word_1_178' title='bbox 1195 2615 1497 2671; x_wconf 89' lang='lat' dir='ltr'>mensium</span> <span class='ocrx_word' id='word_1_179' title='bbox 1535 2615 1662 2671; x_wconf 90' lang='lat' dir='ltr'>acri</span> <span class='ocrx_word' id='word_1_180' title='bbox 1706 2611 1980 2670; x_wconf 84' lang='lat' dir='ltr'>obsidio—</span> 
     </span>
     <span class='ocr_line' id='line_1_29' title="bbox 288 2699 1977 2784; baseline -0.001 -25"><span class='ocrx_word' id='word_1_181' title='bbox 288 2723 368 2761; x_wconf 89' lang='lat' dir='ltr'>ne</span> <span class='ocrx_word' id='word_1_182' title='bbox 423 2714 893 2784; x_wconf 73' lang='lat' dir='ltr'>expugnarunt,</span> <span class='ocrx_word' id='word_1_183' title='bbox 957 2715 1018 2762; x_wconf 88' lang='lat' dir='ltr'>et</span> <span class='ocrx_word' id='word_1_184' title='bbox 1077 2722 1213 2761; x_wconf 88' lang='grc'><strong>100.</strong></span> <span class='ocrx_word' id='word_1_185' title='bbox 1275 2699 1467 2759; x_wconf 84' lang='lat' dir='ltr'>millia</span> <span class='ocrx_word' id='word_1_186' title='bbox 1531 2700 1977 2760; x_wconf 82' lang='lat' dir='ltr'>Saracenorum</span> 
     </span>
     <span class='ocr_line' id='line_1_30' title="bbox 1726 2809 1888 2848; baseline -0.019 0"><span class='ocrx_word' id='word_1_187' title='bbox 1726 2809 1888 2848; x_wconf 80' lang='lat' dir='ltr'>occi-</span> 
     </span>
    </p>
   </div>
   <div class='ocr_carea' id='block_1_3' title="bbox 294 2882 608 2897">
    <p class='ocr_par' dir='ltr' id='par_1_3' title="bbox 294 2882 608 2897">
     <span class='ocr_line' id='line_1_31' title="bbox 294 2882 608 2897; baseline 0 829"><span class='ocrx_word' id='word_1_188' title='bbox 294 2882 608 2897; x_wconf 95' lang='lat' dir='ltr'> </span> 
     </span>
    </p>
   </div>
   <div class='ocr_carea' id='block_1_4' title="bbox 361 2957 1969 3033">
    <p class='ocr_par' dir='ltr' id='par_1_4' title="bbox 361 2957 1969 3033">
     <span class='ocr_line' id='line_1_32' title="bbox 361 2957 1969 3033; baseline -0.001 -20"><span class='ocrx_word' id='word_1_189' title='bbox 361 2960 435 3033; x_wconf 79' lang='lat' dir='ltr'>a)</span> <span class='ocrx_word' id='word_1_190' title='bbox 485 2962 632 3014; x_wconf 82' lang='lat' dir='ltr'>Paul.</span> <span class='ocrx_word' id='word_1_191' title='bbox 678 2963 853 3030; x_wconf 78' lang='lat' dir='ltr'>Nagx.</span> <span class='ocrx_word' id='word_1_192' title='bbox 905 2962 1042 3013; x_wconf 82' lang='lat' dir='ltr'>Hist.</span> <span class='ocrx_word' id='word_1_193' title='bbox 1099 2963 1365 3031; x_wconf 82' lang='lat' dir='ltr'>Pragmat.</span> <span class='ocrx_word' id='word_1_194' title='bbox 1420 2959 1594 3029; x_wconf 86' lang='lat' dir='ltr'>Regni</span> <span class='ocrx_word' id='word_1_195' title='bbox 1642 2957 1969 3028; x_wconf 77' lang='lat' dir='ltr'>Hungariae.</span> 
     </span>
    </p>
   </div>
   <div class='ocr_carea' id='block_1_5' title="bbox 434 3031 1344 3102">
    <p class='ocr_par' dir='ltr' id='par_1_5' title="bbox 434 3031 1344 3102">
     <span class='ocr_line' id='line_1_33' title="bbox 434 3031 1344 3102; baseline 0.001 -19"><span class='ocrx_word' id='word_1_196' title='bbox 434 3031 567 3088; x_wconf 79' lang='lat' dir='ltr'>edit.</span> <span class='ocrx_word' id='word_1_197' title='bbox 602 3031 662 3085; x_wconf 86' lang='lat' dir='ltr'>II.</span> <span class='ocrx_word' id='word_1_198' title='bbox 698 3031 860 3084; x_wconf 78' lang='lat' dir='ltr'>Toni.</span> <span class='ocrx_word' id='word_1_199' title='bbox 901 3032 940 3085; x_wconf 78' lang='grc' dir='ltr'>Ι.</span> <span class='ocrx_word' id='word_1_200' title='bbox 972 3051 1025 3102; x_wconf 83' lang='lat' dir='ltr'>p.</span> <span class='ocrx_word' id='word_1_201' title='bbox 1062 3031 1182 3084; x_wconf 79' lang='grc'><strong>265.</strong></span> <span class='ocrx_word' id='word_1_202' title='bbox 1228 3051 1344 3102; x_wconf 77' lang='lat' dir='ltr'>seq.</span> 
     </span>
    </p>
   </div>
   <div class='ocr_carea' id='block_1_6' title="bbox 2095 193 2097 303">
    <p class='ocr_par' dir='ltr' id='par_1_6' title="bbox 2095 193 2097 303">
     <span class='ocr_line' id='line_1_34' title="bbox 2095 193 2097 303; baseline 0 0"><span class='ocrx_word' id='word_1_203' title='bbox 2095 193 2097 303; x_wconf 57' lang='lat' dir='ltr'>i</span> 
     </span>
    </p>
   </div>
  </div>
 </body>
</html>
