<?xml version="1.0" encoding="UTF-8"?>
<!DOCTYPE html PUBLIC "-//W3C//DTD XHTML 1.0 Transitional//EN"
    "http://www.w3.org/TR/xhtml1/DTD/xhtml1-transitional.dtd">
<html xmlns="http://www.w3.org/1999/xhtml" xml:lang="en" lang="en">
 <head>
  <title>
</title>
<meta http-equiv="Content-Type" content="text/html;charset=utf-8" />
  <meta name='ocr-system' content='tesseract 3.04.00' />
  <meta name='ocr-capabilities' content='ocr_page ocr_carea ocr_par ocr_line ocrx_word'/>
</head>
<body>
  <div class='ocr_page' id='page_1' title='image "./historiauniversa02nagy_0524.png"; bbox 0 0 2097 3726; ppageno 0'>
   <div class='ocr_carea' id='block_1_1' title="bbox 405 106 1465 183">
    <p class='ocr_par' dir='ltr' id='par_1_1' title="bbox 405 106 1465 183">
     <span class='ocr_line' id='line_1_1' title="bbox 405 106 1465 183; baseline 0.003 -21"><span class='ocrx_word' id='word_1_1' title='bbox 405 107 439 162; x_wconf 74' lang='lat' dir='ltr'>b</span> <span class='ocrx_word' id='word_1_2' title='bbox 450 126 486 162; x_wconf 93' lang='lat' dir='ltr'><strong>o</strong></span> <span class='ocrx_word' id='word_1_3' title='bbox 497 107 529 162; x_wconf 75' lang='lat'><strong>4</strong></span> <span class='ocrx_word' id='word_1_4' title='bbox 855 106 1157 163; x_wconf 72' lang='lat' dir='ltr'><strong>Historia</strong></span> <span class='ocrx_word' id='word_1_5' title='bbox 1207 109 1465 183; x_wconf 79' lang='lat' dir='ltr'><strong>Imperii</strong></span> 
     </span>
    </p>
   </div>
   <div class='ocr_carea' id='block_1_2' title="bbox 308 274 2081 2132">
    <p class='ocr_par' dir='ltr' id='par_1_2' title="bbox 308 274 2081 2132">
     <span class='ocr_line' id='line_1_2' title="bbox 323 274 2081 364; baseline 0.001 -27"><span class='ocrx_word' id='word_1_6' title='bbox 323 274 618 362; x_wconf 85' lang='lat' dir='ltr'><strong>quamdiu</strong></span> <span class='ocrx_word' id='word_1_7' title='bbox 667 275 919 339; x_wconf 86' lang='lat' dir='ltr'><strong>fortiter</strong></span> <span class='ocrx_word' id='word_1_8' title='bbox 951 279 1305 357; x_wconf 87' lang='lat' dir='ltr'><strong>defensum,</strong></span> <span class='ocrx_word' id='word_1_9' title='bbox 1357 286 1418 341; x_wconf 91' lang='lat' dir='ltr'><strong>in</strong></span> <span class='ocrx_word' id='word_1_10' title='bbox 1445 293 1812 364; x_wconf 87' lang='lat' dir='ltr'><strong>potestatem</strong></span> <span class='ocrx_word' id='word_1_11' title='bbox 1846 284 2001 341; x_wconf 80' lang='lat' dir='ltr'><strong>Solz&#39;-</strong></span> <span class='ocrx_word' id='word_1_12' title='bbox 2076 300 2081 303; x_wconf 54' lang='lat'><strong><em>⁴</em></strong></span> 
     </span>
     <span class='ocr_line' id='line_1_3' title="bbox 312 369 2004 456; baseline 0.003 -30"><span class='ocrx_word' id='word_1_13' title='bbox 312 369 527 426; x_wconf 71' lang='lat' dir='ltr'><strong>numni</strong></span> <span class='ocrx_word' id='word_1_14' title='bbox 575 369 785 437; x_wconf 85' lang='lat' dir='ltr'><strong>venit,</strong></span> <span class='ocrx_word' id='word_1_15' title='bbox 833 371 943 448; x_wconf 88' lang='lat' dir='ltr'><strong>qui</strong></span> <span class='ocrx_word' id='word_1_16' title='bbox 984 392 1181 453; x_wconf 85' lang='lat' dir='ltr'><strong>aeque</strong></span> <span class='ocrx_word' id='word_1_17' title='bbox 1227 373 1313 432; x_wconf 83' lang='lat' dir='ltr'><strong>ibi</strong></span> <span class='ocrx_word' id='word_1_18' title='bbox 1346 375 1596 456; x_wconf 78' lang='lat' dir='ltr'><strong>perivit.</strong></span> <span class='ocrx_word' id='word_1_19' title='bbox 1669 369 1852 432; x_wconf 82' lang='grc'><strong>1566.</strong></span> <span class='ocrx_word' id='word_1_20' title='bbox 1897 393 2004 430; x_wconf 85' lang='lat' dir='ltr'><strong>cu—</strong></span> 
     </span>
     <span class='ocr_line' id='line_1_4' title="bbox 313 455 2005 542; baseline 0.002 -29"><span class='ocrx_word' id='word_1_21' title='bbox 313 455 406 540; x_wconf 88' lang='lat' dir='ltr'><strong>jus</strong></span> <span class='ocrx_word' id='word_1_22' title='bbox 457 475 766 515; x_wconf 74' lang='lat' dir='ltr'>successor</span> <span class='ocrx_word' id='word_1_23' title='bbox 807 459 1073 517; x_wconf 77' lang='lat' dir='ltr'><strong>Selimus</strong></span> <span class='ocrx_word' id='word_1_24' title='bbox 1134 482 1349 542; x_wconf 84' lang='lat' dir='ltr'>pacem</span> <span class='ocrx_word' id='word_1_25' title='bbox 1411 484 1480 521; x_wconf 87' lang='lat' dir='ltr'><strong>ea</strong></span> <span class='ocrx_word' id='word_1_26' title='bbox 1530 462 1662 541; x_wconf 79' lang='lat' dir='ltr'><strong>lege</strong></span> <span class='ocrx_word' id='word_1_27' title='bbox 1712 459 1893 533; x_wconf 86' lang='lat' dir='ltr'><strong>fecit,</strong></span> <span class='ocrx_word' id='word_1_28' title='bbox 1933 473 2005 516; x_wconf 90' lang='lat' dir='ltr'><strong>ut</strong></span> 
     </span>
     <span class='ocr_line' id='line_1_5' title="bbox 315 544 2006 627; baseline 0.002 -25"><span class='ocrx_word' id='word_1_29' title='bbox 315 544 584 625; x_wconf 86' lang='lat' dir='ltr'><strong>quisque</strong></span> <span class='ocrx_word' id='word_1_30' title='bbox 630 559 927 627; x_wconf 83' lang='lat' dir='ltr'><strong>occupata</strong></span> <span class='ocrx_word' id='word_1_31' title='bbox 966 550 1283 609; x_wconf 86' lang='lat' dir='ltr'><strong>retineret.</strong></span> <span class='ocrx_word' id='word_1_32' title='bbox 1373 547 1565 610; x_wconf 89' lang='lat' dir='ltr'><strong>Aliud</strong></span> <span class='ocrx_word' id='word_1_33' title='bbox 1600 549 1834 609; x_wconf 83' lang='lat' dir='ltr'><strong>bellum</strong></span> <span class='ocrx_word' id='word_1_34' title='bbox 1871 568 2006 627; x_wconf 77' lang='lat' dir='ltr'><strong>ges-</strong></span> 
     </span>
     <span class='ocr_line' id='line_1_6' title="bbox 312 632 2008 720; baseline 0.001 -30"><span class='ocrx_word' id='word_1_35' title='bbox 312 635 391 690; x_wconf 81' lang='lat' dir='ltr'><strong>sit</strong></span> <span class='ocrx_word' id='word_1_36' title='bbox 417 632 990 691; x_wconf 71' lang='lat' dir='ltr'><strong>Grumbaclzianzcm</strong></span> <span class='ocrx_word' id='word_1_37' title='bbox 1023 636 1084 693; x_wconf 86' lang='lat' dir='ltr'><strong>in</strong></span> <span class='ocrx_word' id='word_1_38' title='bbox 1105 635 1368 696; x_wconf 79' lang='lat' dir='ltr'><strong>Saxonia</strong></span> <span class='ocrx_word' id='word_1_39' title='bbox 1389 684 1405 712; x_wconf 90' lang='lat'><strong>,</strong></span> <span class='ocrx_word' id='word_1_40' title='bbox 1426 660 1623 720; x_wconf 88' lang='lat' dir='ltr'><strong>quum</strong></span> <span class='ocrx_word' id='word_1_41' title='bbox 1655 638 1821 697; x_wconf 84' lang='lat' dir='ltr'><strong>enim</strong></span> <span class='ocrx_word' id='word_1_42' title='bbox 1860 639 2008 693; x_wconf 62' lang='lat' dir='ltr'><strong>stla-</strong></span> 
     </span>
     <span class='ocr_line' id='line_1_7' title="bbox 308 722 2008 805; baseline 0.004 -29"><span class='ocrx_word' id='word_1_43' title='bbox 308 722 673 778; x_wconf 67' lang='lat' dir='ltr'><strong>ximiliarzzcs</strong></span> <span class='ocrx_word' id='word_1_44' title='bbox 712 725 962 782; x_wconf 86' lang='lat' dir='ltr'><strong>comitia</strong></span> <span class='ocrx_word' id='word_1_45' title='bbox 1014 722 1331 805; x_wconf 80' lang='lat' dir='ltr'>Augustae</span> <span class='ocrx_word' id='word_1_46' title='bbox 1388 725 1864 788; x_wconf 87' lang='lat' dir='ltr'><strong>Vindelicorum</strong></span> <span class='ocrx_word' id='word_1_47' title='bbox 1907 745 2008 782; x_wconf 88' lang='lat' dir='ltr'><strong>ce-</strong></span> 
     </span>
     <span class='ocr_line' id='line_1_8' title="bbox 308 808 2006 885; baseline 0.001 -19"><span class='ocrx_word' id='word_1_48' title='bbox 308 808 621 882; x_wconf 86' lang='lat' dir='ltr'><strong>lebraret,</strong></span> <span class='ocrx_word' id='word_1_49' title='bbox 684 812 1060 870; x_wconf 76' lang='lat' dir='ltr'><strong>le&#39;llzelmus</strong></span> <span class='ocrx_word' id='word_1_50' title='bbox 1111 815 1566 873; x_wconf 71' lang='lat' dir='ltr'><strong>Grumbachias</strong></span> <span class='ocrx_word' id='word_1_51' title='bbox 1613 836 1754 873; x_wconf 87' lang='lat' dir='ltr'><strong>cum</strong></span> <span class='ocrx_word' id='word_1_52' title='bbox 1795 815 2006 885; x_wconf 88' lang='lat' dir='ltr'><strong>sociis,</strong></span> 
     </span>
     <span class='ocr_line' id='line_1_9' title="bbox 311 896 2008 984; baseline 0.001 -30"><span class='ocrx_word' id='word_1_53' title='bbox 311 898 419 978; x_wconf 83' lang='lat' dir='ltr'><strong>qui</strong></span> <span class='ocrx_word' id='word_1_54' title='bbox 498 896 1020 980; x_wconf 83' lang='lat' dir='ltr'><strong>Herbipolensem</strong></span> <span class='ocrx_word' id='word_1_55' title='bbox 1084 900 1461 984; x_wconf 82' lang='lat' dir='ltr'><strong>Episcopum</strong></span> <span class='ocrx_word' id='word_1_56' title='bbox 1512 901 1951 963; x_wconf 79' lang='lat' dir='ltr'><strong>interfecerant</strong></span> <span class='ocrx_word' id='word_1_57' title='bbox 1991 946 2008 972; x_wconf 82' lang='lat'><strong>,</strong></span> 
     </span>
     <span class='ocr_line' id='line_1_10' title="bbox 310 986 2008 1068; baseline 0.002 -26"><span class='ocrx_word' id='word_1_58' title='bbox 310 1006 523 1066; x_wconf 84' lang='lat' dir='ltr'><strong>pacem</strong></span> <span class='ocrx_word' id='word_1_59' title='bbox 564 986 877 1068; x_wconf 84' lang='lat' dir='ltr'>publicam</span> <span class='ocrx_word' id='word_1_60' title='bbox 912 986 1236 1048; x_wconf 84' lang='lat' dir='ltr'><strong>turbantes</strong></span> <span class='ocrx_word' id='word_1_61' title='bbox 1284 990 1574 1049; x_wconf 82' lang='lat' dir='ltr'>ordinum</span> <span class='ocrx_word' id='word_1_62' title='bbox 1618 1011 1919 1051; x_wconf 86' lang='lat' dir='ltr'><strong>consensu</strong></span> <span class='ocrx_word' id='word_1_63' title='bbox 1973 1011 2008 1046; x_wconf 87' lang='lat' dir='ltr'><strong>a</strong></span> 
     </span>
     <span class='ocr_line' id='line_1_11' title="bbox 310 1074 2010 1158; baseline 0.001 -27"><span class='ocrx_word' id='word_1_64' title='bbox 310 1074 569 1132; x_wconf 80' lang='lat' dir='ltr'><strong>Caesare</strong></span> <span class='ocrx_word' id='word_1_65' title='bbox 608 1077 942 1158; x_wconf 86' lang='lat' dir='ltr'><strong>proscripti</strong></span> <span class='ocrx_word' id='word_1_66' title='bbox 976 1088 1152 1150; x_wconf 89' lang='lat' dir='ltr'><strong>sunt,</strong></span> <span class='ocrx_word' id='word_1_67' title='bbox 1190 1099 1346 1158; x_wconf 85' lang='lat' dir='ltr'><strong>quos</strong></span> <span class='ocrx_word' id='word_1_68' title='bbox 1380 1099 1522 1138; x_wconf 88' lang='lat' dir='ltr'><strong>cum</strong></span> <span class='ocrx_word' id='word_1_69' title='bbox 1561 1082 1828 1138; x_wconf 77' lang='lat' dir='ltr'><strong>Joamzes</strong></span> <span class='ocrx_word' id='word_1_70' title='bbox 1865 1080 2010 1133; x_wconf 78' lang='lat' dir='ltr'><strong>Fri—</strong></span> 
     </span>
     <span class='ocr_line' id='line_1_12' title="bbox 309 1162 2011 1250; baseline 0.002 -31"><span class='ocrx_word' id='word_1_71' title='bbox 309 1166 554 1221; x_wconf 74' lang='lat' dir='ltr'><strong>dericzcs</strong></span> <span class='ocrx_word' id='word_1_72' title='bbox 604 1163 910 1224; x_wconf 81' lang='lat' dir='ltr'><strong>Saxoniae</strong></span> <span class='ocrx_word' id='word_1_73' title='bbox 949 1162 1077 1222; x_wconf 81' lang='lat' dir='ltr'><strong>dux</strong></span> <span class='ocrx_word' id='word_1_74' title='bbox 1123 1163 1401 1241; x_wconf 83' lang='lat' dir='ltr'><strong>foveret,</strong></span> <span class='ocrx_word' id='word_1_75' title='bbox 1448 1171 1577 1250; x_wconf 86' lang='lat' dir='ltr'><strong>ipse</strong></span> <span class='ocrx_word' id='word_1_76' title='bbox 1625 1169 1809 1227; x_wconf 83' lang='lat' dir='ltr'><strong>etiam</strong></span> <span class='ocrx_word' id='word_1_77' title='bbox 1861 1187 2011 1248; x_wconf 89' lang='lat' dir='ltr'><strong>pro-</strong></span> 
     </span>
     <span class='ocr_line' id='line_1_13' title="bbox 309 1251 2012 1337; baseline 0.001 -28"><span class='ocrx_word' id='word_1_78' title='bbox 309 1251 664 1333; x_wconf 81' lang='lat' dir='ltr'><strong>scriptionis</strong></span> <span class='ocrx_word' id='word_1_79' title='bbox 715 1253 912 1313; x_wconf 87' lang='lat' dir='ltr'><strong>telum</strong></span> <span class='ocrx_word' id='word_1_80' title='bbox 955 1254 1159 1312; x_wconf 88' lang='lat' dir='ltr'><strong>sensit.</strong></span> <span class='ocrx_word' id='word_1_81' title='bbox 1231 1253 1584 1337; x_wconf 78' lang='lat' dir='ltr'><strong>Imperator</strong></span> <span class='ocrx_word' id='word_1_82' title='bbox 1640 1258 1829 1337; x_wconf 79' lang='lat' dir='ltr'><strong>igitur</strong></span> <span class='ocrx_word' id='word_1_83' title='bbox 1867 1275 2012 1311; x_wconf 86' lang='lat' dir='ltr'><strong>cum</strong></span> 
     </span>
     <span class='ocr_line' id='line_1_14' title="bbox 310 1337 2013 1418; baseline -0.001 -20"><span class='ocrx_word' id='word_1_84' title='bbox 310 1341 591 1398; x_wconf 79' lang='lat' dir='ltr'><strong>exercitu</strong></span> <span class='ocrx_word' id='word_1_85' title='bbox 629 1337 785 1400; x_wconf 88' lang='lat' dir='ltr'><strong>duce</strong></span> <span class='ocrx_word' id='word_1_86' title='bbox 811 1342 1108 1418; x_wconf 71' lang='lat' dir='ltr'><strong>Augusto</strong></span> <span class='ocrx_word' id='word_1_87' title='bbox 1150 1340 1433 1403; x_wconf 87' lang='lat' dir='ltr'><strong>Electore</strong></span> <span class='ocrx_word' id='word_1_88' title='bbox 1469 1343 1693 1402; x_wconf 87' lang='lat' dir='ltr'><strong>urbem</strong></span> <span class='ocrx_word' id='word_1_89' title='bbox 1740 1344 2013 1400; x_wconf 78' lang='lat' dir='ltr'><strong>Gotlzam</strong></span> 
     </span>
     <span class='ocr_line' id='line_1_15' title="bbox 308 1430 2015 1511; baseline 0.001 -26"><span class='ocrx_word' id='word_1_90' title='bbox 308 1448 454 1486; x_wconf 86' lang='lat' dir='ltr'><strong>cum</strong></span> <span class='ocrx_word' id='word_1_91' title='bbox 513 1448 656 1488; x_wconf 86' lang='lat' dir='ltr'><strong>arce</strong></span> <span class='ocrx_word' id='word_1_92' title='bbox 710 1432 1151 1488; x_wconf 78' lang='lat' dir='ltr'><strong>Grimmestein</strong></span> <span class='ocrx_word' id='word_1_93' title='bbox 1203 1432 1268 1487; x_wconf 89' lang='lat' dir='ltr'><strong>in</strong></span> <span class='ocrx_word' id='word_1_94' title='bbox 1315 1453 1503 1511; x_wconf 88' lang='lat' dir='ltr'><strong>quam</strong></span> <span class='ocrx_word' id='word_1_95' title='bbox 1555 1430 1815 1492; x_wconf 83' lang='lat' dir='ltr'><strong>rebelles</strong></span> <span class='ocrx_word' id='word_1_96' title='bbox 1863 1453 2015 1489; x_wconf 79' lang='lat' dir='ltr'><strong>con-</strong></span> 
     </span>
     <span class='ocr_line' id='line_1_16' title="bbox 310 1516 2019 1602; baseline 0.002 -29"><span class='ocrx_word' id='word_1_97' title='bbox 310 1516 635 1598; x_wconf 79' lang='lat' dir='ltr'><strong>fugerant,</strong></span> <span class='ocrx_word' id='word_1_98' title='bbox 684 1532 1007 1602; x_wconf 83' lang='lat' dir='ltr'><strong>oppugnat</strong></span> <span class='ocrx_word' id='word_1_99' title='bbox 1063 1533 1126 1579; x_wconf 88' lang='lat' dir='ltr'><strong>et</strong></span> <span class='ocrx_word' id='word_1_100' title='bbox 1195 1521 1396 1601; x_wconf 81' lang='lat' dir='ltr'><strong>capit,</strong></span> <span class='ocrx_word' id='word_1_101' title='bbox 1444 1543 1559 1579; x_wconf 74' lang='lat' dir='ltr'><strong>arx</strong></span> <span class='ocrx_word' id='word_1_102' title='bbox 1606 1521 1737 1580; x_wconf 89' lang='lat' dir='ltr'><strong>solo</strong></span> <span class='ocrx_word' id='word_1_103' title='bbox 1786 1541 2019 1600; x_wconf 81' lang='lat' dir='ltr'><strong>aequa-</strong></span> 
     </span>
     <span class='ocr_line' id='line_1_17' title="bbox 312 1607 2016 1689; baseline 0.002 -27"><span class='ocrx_word' id='word_1_104' title='bbox 312 1618 372 1662; x_wconf 81' lang='lat' dir='ltr'><strong>ta</strong></span> <span class='ocrx_word' id='word_1_105' title='bbox 400 1651 420 1677; x_wconf 90' lang='lat'><strong>,</strong></span> <span class='ocrx_word' id='word_1_106' title='bbox 496 1607 956 1667; x_wconf 74' lang='lat' dir='ltr'><strong>Grumbaclzius</strong></span> <span class='ocrx_word' id='word_1_107' title='bbox 1018 1621 1082 1667; x_wconf 91' lang='lat' dir='ltr'><strong>et</strong></span> <span class='ocrx_word' id='word_1_108' title='bbox 1151 1609 1364 1666; x_wconf 71' lang='lat' dir='ltr'><strong>Braek</strong></span> <span class='ocrx_word' id='word_1_109' title='bbox 1418 1612 1550 1670; x_wconf 83' lang='lat' dir='ltr'><strong>vivi</strong></span> <span class='ocrx_word' id='word_1_110' title='bbox 1619 1609 1678 1666; x_wconf 89' lang='lat' dir='ltr'><strong>in</strong></span> <span class='ocrx_word' id='word_1_111' title='bbox 1743 1622 2016 1689; x_wconf 85' lang='lat' dir='ltr'><strong>quatuor</strong></span> 
     </span>
     <span class='ocr_line' id='line_1_18' title="bbox 311 1692 2016 1781; baseline 0.003 -30"><span class='ocrx_word' id='word_1_112' title='bbox 311 1706 513 1775; x_wconf 87' lang='lat' dir='ltr'><strong>partes</strong></span> <span class='ocrx_word' id='word_1_113' title='bbox 567 1692 847 1772; x_wconf 80' lang='lat' dir='ltr'><strong>dissecti,</strong></span> <span class='ocrx_word' id='word_1_114' title='bbox 896 1695 1127 1778; x_wconf 83' lang='lat' dir='ltr'><strong>reliqui</strong></span> <span class='ocrx_word' id='word_1_115' title='bbox 1165 1719 1321 1756; x_wconf 86' lang='lat' dir='ltr'><strong>vero</strong></span> <span class='ocrx_word' id='word_1_116' title='bbox 1368 1700 1597 1781; x_wconf 88' lang='lat' dir='ltr'><strong>captivi</strong></span> <span class='ocrx_word' id='word_1_117' title='bbox 1633 1695 1706 1754; x_wconf 88' lang='lat' dir='ltr'><strong>ad</strong></span> <span class='ocrx_word' id='word_1_118' title='bbox 1750 1711 2016 1756; x_wconf 89' lang='lat' dir='ltr'><strong>mortem</strong></span> 
     </span>
     <span class='ocr_line' id='line_1_19' title="bbox 312 1782 2018 1866; baseline 0.002 -27"><span class='ocrx_word' id='word_1_119' title='bbox 312 1802 615 1842; x_wconf 86' lang='lat' dir='ltr'><strong>mansere.</strong></span> <span class='ocrx_word' id='word_1_120' title='bbox 706 1786 794 1864; x_wconf 84' lang='lat' dir='ltr'><strong>a)</strong></span> <span class='ocrx_word' id='word_1_121' title='bbox 856 1783 1068 1866; x_wconf 86' lang='lat' dir='ltr'><strong>Atque</strong></span> <span class='ocrx_word' id='word_1_122' title='bbox 1128 1782 1228 1844; x_wconf 80' lang='lat' dir='ltr'><strong>hic</strong></span> <span class='ocrx_word' id='word_1_123' title='bbox 1291 1799 1425 1845; x_wconf 89' lang='lat' dir='ltr'><strong>erat</strong></span> <span class='ocrx_word' id='word_1_124' title='bbox 1488 1789 1707 1846; x_wconf 90' lang='lat' dir='ltr'><strong>eorum</strong></span> <span class='ocrx_word' id='word_1_125' title='bbox 1775 1787 2018 1856; x_wconf 81' lang='lat' dir='ltr'><strong>exitus,</strong></span> 
     </span>
     <span class='ocr_line' id='line_1_20' title="bbox 310 1870 2013 1957; baseline 0.001 -29"><span class='ocrx_word' id='word_1_126' title='bbox 310 1871 424 1950; x_wconf 84' lang='lat' dir='ltr'><strong>qui</strong></span> <span class='ocrx_word' id='word_1_127' title='bbox 472 1870 742 1931; x_wconf 85' lang='lat' dir='ltr'><strong>Consilia</strong></span> <span class='ocrx_word' id='word_1_128' title='bbox 782 1872 859 1932; x_wconf 91' lang='lat' dir='ltr'><strong>de</strong></span> <span class='ocrx_word' id='word_1_129' title='bbox 901 1870 1202 1932; x_wconf 88' lang='lat' dir='ltr'><strong>mutando</strong></span> <span class='ocrx_word' id='word_1_130' title='bbox 1254 1875 1371 1933; x_wconf 87' lang='lat' dir='ltr'><strong>Rei</strong></span> <span class='ocrx_word' id='word_1_131' title='bbox 1424 1873 1710 1957; x_wconf 85' lang='lat' dir='ltr'><strong>publicae</strong></span> <span class='ocrx_word' id='word_1_132' title='bbox 1756 1875 2013 1955; x_wconf 87' lang='lat' dir='ltr'><strong>Imperii</strong></span> 
     </span>
     <span class='ocr_line' id='line_1_21' title="bbox 311 1958 2016 2033; baseline 0.003 -18"><span class='ocrx_word' id='word_1_133' title='bbox 311 1958 580 2017; x_wconf 81' lang='lat' dir='ltr'><strong>Romani</strong></span> <span class='ocrx_word' id='word_1_134' title='bbox 615 1973 777 2018; x_wconf 86' lang='lat' dir='ltr'><strong>statu</strong></span> <span class='ocrx_word' id='word_1_135' title='bbox 814 1974 1104 2021; x_wconf 88' lang='lat' dir='ltr'><strong>tractasse</strong></span> <span class='ocrx_word' id='word_1_136' title='bbox 1136 1960 1524 2020; x_wconf 83' lang='lat' dir='ltr'><strong>dicebantur.</strong></span> <span class='ocrx_word' id='word_1_137' title='bbox 1572 1961 1813 2033; x_wconf 87' lang='lat' dir='ltr'><strong>Quibus</strong></span> <span class='ocrx_word' id='word_1_138' title='bbox 1849 1964 2016 2020; x_wconf 89' lang='lat' dir='ltr'><strong>curis</strong></span> 
     </span>
     <span class='ocr_line' id='line_1_22' title="bbox 315 2045 2021 2132; baseline 0.001 -27"><span class='ocrx_word' id='word_1_139' title='bbox 315 2059 378 2105; x_wconf 86' lang='lat' dir='ltr'><strong>et</strong></span> <span class='ocrx_word' id='word_1_140' title='bbox 428 2045 610 2127; x_wconf 80' lang='lat' dir='ltr'><strong>longa</strong></span> <span class='ocrx_word' id='word_1_141' title='bbox 668 2051 950 2132; x_wconf 84' lang='lat' dir='ltr'><strong>corporis</strong></span> <span class='ocrx_word' id='word_1_142' title='bbox 996 2048 1385 2131; x_wconf 83' lang='lat' dir='ltr'><strong>aegritudine</strong></span> <span class='ocrx_word' id='word_1_143' title='bbox 1432 2049 1789 2110; x_wconf 87' lang='lat' dir='ltr'><strong>debilitatus</strong></span> <span class='ocrx_word' id='word_1_144' title='bbox 1853 2052 2021 2106; x_wconf 80' lang='lat' dir='ltr'><strong>Ma—</strong></span> 
     </span>
    </p>
   </div>
   <div class='ocr_carea' id='block_1_3' title="bbox 311 2137 2014 2287">
    <p class='ocr_par' dir='ltr' id='par_1_3' title="bbox 311 2137 2014 2287">
     <span class='ocr_line' id='line_1_23' title="bbox 312 2137 2014 2219; baseline 0.001 -27"><span class='ocrx_word' id='word_1_145' title='bbox 312 2137 675 2193; x_wconf 74' lang='lat' dir='ltr'><strong>ximilianzcs</strong></span> <span class='ocrx_word' id='word_1_146' title='bbox 722 2139 956 2219; x_wconf 89' lang='lat' dir='ltr'><strong>optime</strong></span> <span class='ocrx_word' id='word_1_147' title='bbox 1011 2139 1301 2197; x_wconf 87' lang='lat' dir='ltr'><strong>meritam</strong></span> <span class='ocrx_word' id='word_1_148' title='bbox 1353 2140 1655 2211; x_wconf 89' lang='lat' dir='ltr'><strong>animam,</strong></span> <span class='ocrx_word' id='word_1_149' title='bbox 1698 2141 1763 2196; x_wconf 88' lang='lat' dir='ltr'><strong>in</strong></span> <span class='ocrx_word' id='word_1_150' title='bbox 1810 2139 2014 2195; x_wconf 87' lang='lat' dir='ltr'><strong>comi-</strong></span> 
     </span>
     <span class='ocr_line' id='line_1_24' title="bbox 311 2223 2011 2287; baseline 0.005 -8"><span class='ocrx_word' id='word_1_151' title='bbox 311 2223 410 2280; x_wconf 86' lang='lat' dir='ltr'><strong>tiis</strong></span> <span class='ocrx_word' id='word_1_152' title='bbox 490 2223 1041 2285; x_wconf 85' lang='lat' dir='ltr'><strong>Ratisbonensibus</strong></span> <span class='ocrx_word' id='word_1_153' title='bbox 1102 2226 1238 2285; x_wconf 86' lang='lat' dir='ltr'><strong>Deo</strong></span> <span class='ocrx_word' id='word_1_154' title='bbox 1323 2225 1600 2287; x_wconf 87' lang='lat' dir='ltr'><strong>reddidit</strong></span> <span class='ocrx_word' id='word_1_155' title='bbox 1660 2249 1756 2286; x_wconf 88' lang='lat' dir='ltr'><strong>an.</strong></span> <span class='ocrx_word' id='word_1_156' title='bbox 1827 2224 2011 2287; x_wconf 80' lang='lat'><strong>1576.</strong></span> 
     </span>
    </p>
   </div>
   <div class='ocr_carea' id='block_1_4' title="bbox 310 2312 2014 2751">
    <p class='ocr_par' dir='ltr' id='par_1_4' title="bbox 314 2312 1147 2396">
     <span class='ocr_line' id='line_1_25' title="bbox 314 2312 1147 2396; baseline 0.006 -28"><span class='ocrx_word' id='word_1_157' title='bbox 314 2312 544 2370; x_wconf 76' lang='lat' dir='ltr'><strong>aetatis,</strong></span> <span class='ocrx_word' id='word_1_158' title='bbox 595 2313 695 2372; x_wconf 78' lang='lat'><strong>49.</strong></span> <span class='ocrx_word' id='word_1_159' title='bbox 745 2315 995 2396; x_wconf 91' lang='lat' dir='ltr'><strong>imperii</strong></span> <span class='ocrx_word' id='word_1_160' title='bbox 1050 2315 1147 2373; x_wconf 81' lang='lat'><strong>13.</strong></span> 
     </span>
    </p>

    <p class='ocr_par' dir='ltr' id='par_1_5' title="bbox 310 2399 2014 2662">
     <span class='ocr_line' id='line_1_26' title="bbox 487 2399 2010 2484; baseline 0.001 -26"><span class='ocrx_word' id='word_1_161' title='bbox 487 2399 690 2462; x_wconf 85' lang='lat' dir='ltr'><strong>XLII.</strong></span> <span class='ocrx_word' id='word_1_162' title='bbox 740 2404 1113 2477; x_wconf 73' lang='lat' dir='ltr'><strong>Radolplzzcs</strong></span> <span class='ocrx_word' id='word_1_163' title='bbox 1164 2403 1253 2461; x_wconf 90' lang='lat' dir='ltr'><strong>II.</strong></span> <span class='ocrx_word' id='word_1_164' title='bbox 1316 2403 1473 2484; x_wconf 90' lang='lat' dir='ltr'><strong>Imp.</strong></span> <span class='ocrx_word' id='word_1_165' title='bbox 1538 2416 1736 2462; x_wconf 88' lang='lat' dir='ltr'><strong>matre</strong></span> <span class='ocrx_word' id='word_1_166' title='bbox 1785 2405 2010 2461; x_wconf 75' lang='lat' dir='ltr'><strong>Maria</strong></span> 
     </span>
     <span class='ocr_line' id='line_1_27' title="bbox 320 2487 2012 2571; baseline 0.004 -28"><span class='ocrx_word' id='word_1_167' title='bbox 320 2488 533 2546; x_wconf 74' lang='lat' dir='ltr'><strong>Caroli</strong></span> <span class='ocrx_word' id='word_1_168' title='bbox 593 2487 668 2546; x_wconf 92' lang='lat' dir='ltr'><strong>V.</strong></span> <span class='ocrx_word' id='word_1_169' title='bbox 723 2491 877 2571; x_wconf 89' lang='lat' dir='ltr'><strong>Imp.</strong></span> <span class='ocrx_word' id='word_1_170' title='bbox 939 2489 1063 2548; x_wconf 83' lang='lat' dir='ltr'><strong>filia</strong></span> <span class='ocrx_word' id='word_1_171' title='bbox 1112 2502 1289 2550; x_wconf 86' lang='lat' dir='ltr'><strong>natus</strong></span> <span class='ocrx_word' id='word_1_172' title='bbox 1357 2492 1542 2552; x_wconf 80' lang='lat'><strong>1552.</strong></span> <span class='ocrx_word' id='word_1_173' title='bbox 1604 2492 1755 2550; x_wconf 86' lang='lat' dir='ltr'><strong>vivo</strong></span> <span class='ocrx_word' id='word_1_174' title='bbox 1812 2488 2012 2549; x_wconf 86' lang='lat' dir='ltr'><strong>adhuc</strong></span> 
     </span>
     <span class='ocr_line' id='line_1_28' title="bbox 310 2575 2014 2662; baseline 0.003 -29"><span class='ocrx_word' id='word_1_175' title='bbox 310 2587 487 2657; x_wconf 86' lang='lat' dir='ltr'><strong>patre</strong></span> <span class='ocrx_word' id='word_1_176' title='bbox 539 2575 677 2637; x_wconf 76' lang='lat' dir='ltr'><strong>Rex</strong></span> <span class='ocrx_word' id='word_1_177' title='bbox 722 2577 1083 2662; x_wconf 79' lang='lat' dir='ltr'><strong>Hungariae</strong></span> <span class='ocrx_word' id='word_1_178' title='bbox 1128 2593 1192 2640; x_wconf 90' lang='lat' dir='ltr'><strong>et</strong></span> <span class='ocrx_word' id='word_1_179' title='bbox 1249 2577 1582 2641; x_wconf 89' lang='lat' dir='ltr'><strong>Bohemiae</strong></span> <span class='ocrx_word' id='word_1_180' title='bbox 1647 2593 2014 2653; x_wconf 77' lang='lat' dir='ltr'><strong>coronatUS,</strong></span> 
     </span>
    </p>

    <p class='ocr_par' dir='ltr' id='par_1_6' title="bbox 1747 2681 1928 2751">
     <span class='ocr_line' id='line_1_29' title="bbox 1747 2681 1928 2751; baseline 0.011 -25"><span class='ocrx_word' id='word_1_181' title='bbox 1747 2681 1928 2751; x_wconf 87' lang='lat' dir='ltr'><strong>patre</strong></span> 
     </span>
    </p>
   </div>
   <div class='ocr_carea' id='block_1_5' title="bbox 322 2793 638 2806">
    <p class='ocr_par' dir='ltr' id='par_1_7' title="bbox 322 2793 638 2806">
     <span class='ocr_line' id='line_1_30' title="bbox 322 2793 638 2806; baseline 0 920"><span class='ocrx_word' id='word_1_182' title='bbox 322 2793 638 2806; x_wconf 95' lang='lat' dir='ltr'><strong> </strong></span> 
     </span>
    </p>
   </div>
   <div class='ocr_carea' id='block_1_6' title="bbox 380 2870 2014 3076">
    <p class='ocr_par' dir='ltr' id='par_1_8' title="bbox 380 2870 2014 3076">
     <span class='ocr_line' id='line_1_31' title="bbox 380 2870 2010 2948; baseline 0.004 -26"><span class='ocrx_word' id='word_1_183' title='bbox 380 2870 456 2942; x_wconf 79' lang='grc' dir='ltr'><strong>(ι)</strong></span> <span class='ocrx_word' id='word_1_184' title='bbox 499 2872 782 2925; x_wconf 82' lang='lat' dir='ltr'><strong>Michaelis</strong></span> <span class='ocrx_word' id='word_1_185' title='bbox 816 2874 1032 2929; x_wconf 84' lang='lat' dir='ltr'><strong>Zohelii</strong></span> <span class='ocrx_word' id='word_1_186' title='bbox 1071 2876 1211 2930; x_wconf 87' lang='lat' dir='ltr'><strong>Hist.</strong></span> <span class='ocrx_word' id='word_1_187' title='bbox 1251 2896 1335 2948; x_wconf 81' lang='lat' dir='ltr'><strong>ap.</strong></span> <span class='ocrx_word' id='word_1_188' title='bbox 1374 2875 1719 2930; x_wconf 86' lang='lat' dir='ltr'><strong>Schardium.</strong></span> <span class='ocrx_word' id='word_1_189' title='bbox 1758 2876 1825 2929; x_wconf 89' lang='lat' dir='ltr'><strong>T.</strong></span> <span class='ocrx_word' id='word_1_190' title='bbox 1865 2875 1915 2929; x_wconf 83' lang='lat'><strong>3.</strong></span> <span class='ocrx_word' id='word_1_191' title='bbox 1955 2886 2010 2930; x_wconf 81' lang='lat' dir='ltr'><strong>et</strong></span> 
     </span>
     <span class='ocr_line' id='line_1_32' title="bbox 448 2943 2014 3076; baseline 0.006 -14"><span class='ocrx_word' id='word_1_192' title='bbox 448 2943 854 3069; x_wconf 56' lang='grc' dir='ltr'><strong>ἓῗἮιῖῗω-ῗέἶῖζῗ</strong></span> <span class='ocrx_word' id='word_1_193' title='bbox 883 2945 1884 3076; x_wconf 48' lang='grc' dir='ltr'><strong>ΕοέἶῗῃῖῗιᾶἶῗῗιῗΡὲεῗΟὴἯῶΜ</strong></span> <span class='ocrx_word' id='word_1_194' title='bbox 1946 2948 2014 3008; x_wconf 77' lang='grc' dir='ltr'><strong>Τ’</strong></span> 
     </span>
    </p>
   </div>
  </div>
 </body>
</html>
