2097 3726
504 196 783 252 Rcmcmo
837 196 1210 253 Germanici.
1496 194 1531 255 5
1546 212 1572 255 1
1585 217 1618 275 7

29 375 206 438 Italia
265 369 550 454 fugavit,
597 367 1128 431 Mediolanensem
1175 370 1490 435 Ducatum
1534 371 1744 458 Impe-

31 467 113 525 rii
143 459 398 524 feudum
450 461 614 526 fecit,
679 460 972 540 Regnum
1007 458 1487 543 Neapolitanum
1521 481 1744 522 excus-

36 575 102 613 so
138 549 376 610 Gallico
428 550 613 634 jugo,
660 547 1010 631 legitimum
1050 550 1393 608 Dominum
1436 552 1698 630 agnovit
1726 596 1743 623 ,

37 656 99 702 et
130 643 396 700 Carolus
429 664 462 698 a
506 642 821 712 Leopoldo
854 637 1300 721 Hispaniarum
1331 638 1471 697 Rex
1513 653 1606 697 est
1638 637 1747 698 de-

31 729 295 789 claratus
344 730 526 788 1705.
589 726 691 790 die
751 731 847 787 12.
909 725 1328 810 Septembris:
1393 728 1504 808 qui
1564 728 1751 787 etiam

33 831 332 900 sequente
390 837 553 876 ann-o
617 815 803 876 classe
839 814 1190 898 Anglorum
1244 835 1497 875 eorsum
1554 813 1748 876 dedu-

36 923 170 968 ctus
213 920 546 967 coronatus
579 919 684 965 est.
750 902 1058 964 Similiter
1106 925 1395 985 magnam
1450 901 1749 987 perfidiae

36 995 390 1059 mercedem
443 994 730 1056 Rebelles
786 1015 896 1056 seu
957 993 1400 1055 malecontenti
1465 993 1751 1074 Hungari

36 1085 194 1144 duce
260 1082 552 1164 Rakoczy
614 1096 1061 1168 reportarunt,
1148 1081 1303 1145 adeo
1358 1092 1431 1139 ut
1484 1102 1558 1142 eo
1618 1083 1754 1164 ipso

39 1177 351 1249 Leopiolclo
386 1174 677 1248 vivente,
726 1186 918 1233 semet
963 1173 1240 1256 propriis
1293 1171 1480 1234 armis
1534 1167 1756 1254 subju-

42 1264 370 1346 gaverint3
431 1260 605 1345 cujus
641 1263 1098 1321 consectarium
1147 1273 1285 1321 erat
1326 1261 1415 1319 sic
1459 1256 1623 1322 dicta
1668 1258 1756 1317 la-

39 1353 224 1412 niena
279 1349 723 1433 Eperjesiensis
757 1364 820 1411 et
857 1350 1306 1413 Cassoviensis„
1348 1352 1520 1409 Inter
1552 1361 1757 1408 tantos

42 1444 234 1523 igitur
282 1438 648 1523 triumphos.
700 1439 952 1499 tandem
1008 1440 1339 1498 victricem
1393 1459 1569 1496 suam
1621 1438 1757 1495 ani-

43 1551 212 1592 mam
285 1529 578 1592 Creatori
661 1528 937 1590 reddidit
1016 1530 1370 1605 Leopolclus
1437 1548 1489 1588 a.
1571 1526 1757 1591 1705.

46 1632 380 1704 postquam
423 1621 524 1678 47.
567 1640 759 1679 annos
794 1620 1170 1700 imperasset.

224 1706 360 1765 LII.
407 1709 713 1783 ,Iosephus
751 1711 803 1767 I.
843 1720 1022 1789 patre
1061 1707 1376 1782 Leopoldo
1421 1703 1512 1761 M
1555 1699 1760 1762 Matre

48 1800 366 1856 Eleonora
413 1796 716 1857 Electoris
765 1795 1032 1860 Palatini
1071 1796 1353 1871 Phihppi
1399 1789 1525 1856 fllia
1571 1792 1758 1854 1687.

49 1899 262 1957 nattis,
325 1885 610 1945 Uxorem
649 1884 868 1944 habuit
915 1885 1385 1943 Wlffllzelminam
1440 1882 1764 1944 Amaliam

50 1976 309 2032 ,Ioannis
350 1976 662 2034 Friclerici
694 1975 1044 2040 Brunzvico
1083 1970 1597 2053 Liineburgensis
1633 1969 1764 2028 Du-

54 2066 139 2123 cis
187 2061 416 2136 filiam,
498 2085 577 2127 ex
626 2086 751 2147 qua
808 2065 1079 2144 suscepit
1128 2061 1328 2124 filium
1382 2062 1765 2136 Leopoldam

52 2154 388 2226 Josepham
438 2150 658 2215 eodem
697 2154 1041 2212 nativitatis
1086 2172 1251 2210 anno
1297 2162 1656 2220 mortuum3
1703 2159 1767 2206 et

56 2240 205 2299 duas
258 2240 409 2300 filias
459 2244 554 2300 uti
609 2244 902 2301 Mariam
941 2242 1312 2317 ¹sos-epham,
1376 2252 1438 2298 et
1476 2239 1770 2295 Mariam

55 2332 399 2390 Amaliam.
466 2332 773 2406 Joseplms
835 2333 886 2386 I.
936 2333 1087 2389 vivo
1147 2343 1218 2388 ut
1261 2327 1533 2390 vidimus
1582 2327 1771 2386 Patre

59 2418 420 2479 Electorum
469 2419 776 2501 suffragiis
835 2419 1269 2479 Romanorum
1319 2417 1461 2481 Rex
1508 2435 1772 2474 corona-

61 2522 194 2580 ωε,
256 2506 363 2567 sed
410 2504 858 2569 haereditatem
907 2509 1155 2566 nonnisi
1215 2511 1290 2567 17
1302 2506 1401 2567 05.
1438 2516 1579 2588 post
1622 2503 1771 2563 obi-

63 2610 195 2655 tum
233 2598 458 2680 patri&
531 2619 792 2679 eamque
835 2596 1170 2678 multiplici
1217 2594 1383 2656 bello
1424 2592 1773 2653 involutam

63 2687 364 2767 suscepit3
427 2708 572 2745 nam
609 2689 848 2769 primus
888 2687 1091 2744 statim
1146 2683 1277 2768 ejus
1323 2703 1522 2741 annus
1571 2680 1775 2739 turbi-

65 2773 177 2832 dus
217 2773 335 2832 fuit
370 2771 444 2830 ad
475 2772 768 2835 Rhenum
809 2774 892 2834 ob
926 2774 1183 2833 fratrem
1223 2794 1401 2833 suum
1448 2772 1775 2844 Cardeam,

66 2861 348 2921 difficillis
393 2863 456 2919 in
495 2863 674 2921 Italia
705 2878 768 2922 et
807 2862 1003 2921 Gallia
1041 2862 1124 2921 ob
1164 2861 1613 2920 successionem
1662 2858 1778 2916 Hi-

69 2953 380 3036 spaniam,
428 2948 537 3009 ubi
574 2966 812 3011 mutata
851 2951 1000 3013 belli
1048 2949 1340 3009 fortunna
1382 2969 1532 3006 mox
1572 2945 1781 3007 foede-

71 3042 191 3101 rati
248 3042 539 3099 Cat-olam
581 3040 986 3102 Austriacum
1039 3037 1429 3108 deserenteS,
1478 3056 1781 3095 consensu

1406 3122 1691 3185 Clemen-
