2097 3726
366 280 447 341 72
817 258 905 315 H
935 262 958 316 z·
1005 281 1035 317 s
1083 272 1109 317 t
1158 284 1190 317 ο
1237 284 1273 318 r
1316 265 1340 319 i
1385 284 1425 319 α

269 429 469 493 Civile
510 445 723 493 ortum
772 453 822 492 a.
858 429 937 493 U.
983 454 1129 515 722.
1190 433 1441 498 tandem
1490 457 1727 497 summa
1769 434 1974 498 navali

263 521 530 581 victoria
568 521 644 581 ad
678 523 948 584 Aetium
974 524 1150 609 Epiri
1196 527 1704 610 promontorium
1747 526 1848 605 a)
1875 547 1978 586 re·-

266 623 517 694 portata
569 611 922 671 confectum
968 625 1092 690 est3
1169 615 1280 675 ubi
1347 635 1571 699 anceps
1619 626 1980 686 certamen,

268 709 334 759 et
383 701 756 776 Cleopatrae
789 704 1244 777 consternatio,
1311 705 1376 762 in
1418 704 1681 764 exitium
1720 703 1981 759 Antonii

267 788 488 847 cessit:
555 811 700 848 nam
749 791 988 847 Caesar
1020 803 1197 873 parta
1235 792 1501 852 victoria
1533 793 1881 851 Antoniam
1914 791 1980 850 in

267 875 633 958 Aegyptum
680 876 1023 959 fugientem
1068 894 1464 962 persecutus,
1528 893 1828 963 sequente
1873 900 1982 937 an·-

267 984 354 1024 no
393 962 822 1026 Alexandriae
862 968 1340 1029 circumsessum
1373 991 1448 1030 eo
1485 968 1722 1052 adegit,
1767 980 1840 1027 ut
1878 988 1983 1027 re-

268 1050 388 1113 bus
428 1050 765 1137 desperatis
802 1067 997 1115 semet
1034 1053 1204 1116 ferro
1234 1055 1630 1135 confoderet3
1662 1058 1738 1138 b)
1785 1076 1979 1139 quem.

263 1162 417 1200 mox
455 1156 662 1203 secuta
716 1144 1081 1221 Cleopatra,
1126 1166 1207 1205 ne
1246 1147 1311 1204 in
1342 1147 1600 1207 victoris
1633 1166 1850 1205 manus
1882 1145 1980 1201 in-

265 1228 478 1290 cidens
535 1233 599 1290 in
649 1229 1041 1316 triumphum
1091 1230 1460 1310 duceretur,
1526 1247 1801 1295 mortem
1857 1231 1975 1291 sibi

265 1318 494 1403 aspidis
526 1342 741 1380 morsu
781 1323 1101 1383 conscivit.
1149 1319 1377 1406 ltaque
1403 1325 1680 1382 Antonio
1705 1336 1768 1383 et
1799 1323 1971 1380 Cleo-2

252 1419 460 1484 patra
496 1408 797 1483 mortuis,
845 1408 1167 1495 Aegyptus
1202 1412 1267 1469 in
1309 1411 1675 1495 provinciae
1705 1410 1976 1472 formam

258 1495 513 1557 redacta
537 1510 665 1570 est,
698 1496 809 1557 ubi
834 1522 868 1556 a
907 1513 1113 1559 morte
1135 1501 1494 1559 Alexandri
1534 1502 1627 1559 M.
1660 1520 1776 1583 per
1822 1500 1969 1581 294.

256 1606 454 1645 annos
497 1588 794 1663 Lccgiclcte
835 1587 1140 1647 dominati
1172 1586 1448 1649 fuissent.
1497 1589 1639 1661 Quo
1687 1607 1853 1645 anno
1885 1587 1969 1644 U.

258 1675 325 1733 C.
373 1675 518 1752 725,
573 1677 815 1735 Caesar
875 1679 1262 1736 Octavianus
1318 1690 1446 1740 tres
1508 1675 1787 1737 celebres
1841 1677 1972 1758 egit.

261 1760 648 1846 triumphos,
696 1785 923 1846 nempe
959 1764 1410 1838 Dalmaticum,
1455 1765 1858 1838 Actiacrum‚
1907 1779 1974 1832 et.

262 1849 744 1933 Aegyptiacum.
792 1853 872 1933 c)
921 1852 1022 1912 Ob
1064 1875 1229 1935 quae
1264 1853 1581 1937 praeclara
1622 1852 1841 1913 bellica
1880 1850 1971 1911 fa*

261 1941 481 1998 cinora
503 1983 520 2011 ‚
557 1940 958 2024 Imperatoris
999 1963 1229 2002 nomen
1261 1955 1326 2002 et
1359 1963 1663 2002 summam
1699 1953 1970 2024 potesta-

262 2040 392 2087 tem
426 2048 673 2088 sumens
694 2074 711 2104 ,
743 2029 1225 2112 Rempublieam
1259 2027 1733 2113 gubernandam
1769 2050 1973 2090 susce-

260 2118 391 2200 pit3
442 2129 670 2198 atquae
696 2116 852 2178 dum
875 2119 956 2177 ita
973 2117 1050 2178 ad
1070 2141 1268 2178 unum
1292 2140 1455 2193 eum,
1491 2139 1730 2178 summa
1767 2118 1974 2202 Impe-

260 2206 341 2263 rii
371 2206 639 2265 Romani
674 2217 946 2290 potestas
977 2209 1363 2290 pervenisset
1382 2251 1397 2280 ,
1437 2209 1683 2269 Verum
1706 2208 1977 2267 Monam

226 2308 229 2310 ’
262 2295 442 2352 chiae
471 2295 799 2355 Romanae
831 2297 1083 2356 initium
1124 2296 1467 2359 cunstituit-
1513 2293 1542 2322 *

400 2436 429 2468 *
492 2433 716 2485 Causae
764 2433 1066 2489 Bellorum
1126 2434 1430 2489 Ciuilium.
1482 2434 1690 2488 Romae
1749 2436 1973 2499 evenit,

258 2505 410 2576 quod*
445 2505 649 2575 passim
686 2506 904 2559 evenire
942 2505 1099 2570 solet,
1144 2505 1280 2557 dum
1318 2507 1477 2565 Cives
1516 2515 1703 2558 contra
1746 2504 1974 2577 Tyran-

258 2594 357 2627 nos
390 2575 716 2643 insurgunt,
769 2585 1054 2644 sperantes
1090 2576 1198 2628 sibi
1230 2577 1512 2629 consulere
1537 2615 1552 2639 ,
1627 2576 1674 2628 si
1711 2575 1971 2645 abrogata

257 2647 502 2716 Antiqua
539 2645 822 2713 regiminis
862 2643 1073 2703 formaz
1125 2665 1320 2699 novam
1355 2647 1721 2718 qualicunque
1754 2647 1970 2717 specio-

260 2735 319 2767 so
358 2715 522 2768 titulo
558 2716 866 2768 instituant.
940 2717 1083 2770 Nam
1131 2726 1287 2768 extra
1335 2717 1568 2769 dubium
1605 2726 1721 2768 est:
1779 2717 1973 2768 Bruto

257 2787 486 2858 ejusque
526 2787 684 2838 sociis
740 2785 990 2840 Patriciis
1027 2787 1171 2839 nihil
1206 2788 1358 2841 aliud.
1405 2788 1464 2840 in
1510 2788 1712 2842 Animo
1766 2785 1973 2853 fuisse,

1728 2873 1902 2927 quum

325 3014 404 3086 a)
443 3014 546 3065 Dio
584 3011 727 3063 Cass.
768 3010 825 3062 L.
863 3012 946 3064 50.
986 3013 1106 3065 [εν.
1142 3014 1288 3086 Epa.
1323 3013 1387 3066 L.
1424 3001 1542 3066 132.
1581 3010 1651 3084 b)
1691 3012 1794 3065 Dio
1827 3014 1971 3069 cass.

397 3086 460 3135 L.
499 3083 584 3138 50,
620 3081 897 3140 Plutarch.
932 3083 991 3134 in
1033 3084 1291 3137 Antonio,
1332 3093 1385 3134 et
1435 3083 1709 3153 Cleopatr.
1747 3088 1810 3149 c)
1852 3089 1970 3154 Ap-

398 3153 540 3222 pian.
579 3154 641 3205 L.
674 3151 720 3205 5.
742 3152 861 3205 Liv.
894 3154 1042 3224 Epit.
1066 3154 1126 3205 L.
1155 3151 1270 3206 133.
1296 3152 1401 3205 Dio
1433 3153 1665 3227 Cass-NL.
1701 3153 1784 3207 50.
1813 3171 1969 3226 seqq.
