2097 3726
550 96 834 150 Romano
883 94 1214 149 Germanic
1223 94 1258 149 ι’.
1538 91 1614 150 45
1626 114 1657 171 7

44 296 76 329 a
116 270 347 354 quibus
377 270 676 330 sociniani
724 265 1118 351 appellantur
1179 266 1261 346 a)
1326 289 1601 351 quorum
1631 265 1748 328 do-

47 363 249 421 ctrina
283 384 330 418 a.
365 361 548 420 1575.
589 360 649 418 in
675 355 1169 418 Transilvaniam
1208 379 1463 440 quoque
1495 381 1529 416 a
1560 360 1755 415 Geor-

39 455 152 529 gio
199 453 572 509 Blandrata
626 444 1125 520 Pedemontano,
1191 449 1576 527 &gismundi
1620 450 1751 506 Za·-

31 543 237 618 μοζγα
290 539 596 620 Principis
653 534 907 596 Medico
959 534 1239 610 inducta,
1336 533 1588 595 demum
1637 558 1753 618 per

54 630 467 687 Franciscum
498 628 778 684 Davidis
806 625 1042 685 socium
1069 625 1355 709 amplius
1374 639 1752 726 propagata,

48 719 472 775 amitat-iorum
514 728 745 773 sectam
807 712 1144 797 produxit,
1213 737 1412 797 quum
1455 716 1518 773 in
1575 713 1752 775 Polo-

48 809 149 865 nia
187 803 628 887 Anabaptistas
662 825 740 863 ex
773 803 1107 864 Germania
1144 804 1347 887 pulsos
1382 801 1750 884 aliquandiu

48 894 387 968 docuisset,
452 893 563 975 qui
602 891 856 952 demum
896 905 968 952 ut
1007 895 1302 954 Poloniae
1356 891 1706 951 turbatores
1733 935 1752 964 ‚

50 987 216 1042 circa
257 1006 350 1042 an.
396 983 580 1043 1660.
623 984 992 1065 proscripti,
1040 1003 1102 1044 se
1144 985 1204 1040 in
1255 981 1755 1040 Transilvaniam

44 1085 453 1154 receperunt,
513 1068 572 1131 hi
596 1071 738 1131 dein
784 1095 818 1129 a
849 1070 1404 1155 Claudiopolitanis
1445 1071 1751 1129 Unitariis

48 1176 365 1243 tamquam
400 1165 663 1239 fratres
688 1164 847 1239 fidei
901 1165 1190 1242 excepti,
1257 1161 1434 1219 initio
1483 1160 1758 1242 propriis

48 1252 345 1310 ministris
395 1253 523 1324 usi,
590 1249 843 1311 demum
890 1273 942 1309 a.
985 1251 1172 1311 1795.
1216 1251 1280 1309 in
1326 1270 1509 1307 unam
1544 1246 1758 1308 Eccle-

48 1342 204 1400 siam
236 1339 621 1399 coaluerunt.
1453 1334 1457 1336 i

226 1430 523 1489 Ceterum
582 1431 647 1487 in
713 1428 1053 1488 Germania
1115 1441 1188 1488 ut
1245 1428 1635 1486 Ferclircandi
1701 1425 1755 1485 I.

50 1519 134 1576 ita
194 1520 634 1577 stlaximiliam'
679 1519 770 1576 II.
834 1530 1151 1600 tempore,
1200 1530 1541 1600 perpetuae
1591 1515 1759 1574 inter

48 1604 400 1666 Catholicos
444 1621 505 1667 et
560 1609 835 1664 Lutlzem'
879 1620 1246 1681 sectatoreS,
1309 1604 1542 1687 quibus
1595 1602 1761 1662 aucti

0 1726 1 1762 ;
49 1697 278 1756 sensim
314 1718 579 1755 numero
614 1699 797 1755 etiam
827 1698 1071 1756 Caluini
1101 1709 1456 1767 sectatoreS,
1492 1714 1599 1752 seu
1633 1693 1761 1750 Re·-

0 1776 2 1853 ἓ
44 1782 300 1845 formati
364 1784 859 1860 auxiliabantur,
944 1787 1378 1846 contentiones
1464 1782 1764 1856 fuerunt,

0 1897 3 1957 ᾗ
46 1896 245 1956 quum
284 1870 348 1934 hi
394 1874 473 1934 ab
511 1888 832 1936 reservato
865 1873 1292 1935 Ecclesiastico
1325 1895 1389 1932 se
1425 1892 1490 1931 se
1528 1869 1762 1930 libera-

1 1962 3 2023 ἶ
52 1985 158 2038 re,
208 1962 299 2022 illi
341 1985 494 2023 vero
528 1962 623 2047 jus
658 1962 1081 2038 reformandi,
1129 1961 1306 2047 cujus
1347 1960 1613 2022 obtentu
1667 1960 1763 2016 in-

0 2079 5 2132 5
53 2052 263 2134 tegros
337 2055 744 2137 Episcopatus
762 2099 778 2128 ,
834 2067 906 2135 et
951 2050 1253 2113 Abbatias
1332 2048 1764 2133 occupabant,

0 2137 6 2212 l
45 2142 566 2203 circumscribere
602 2135 1006 2206 intentarunt.
1054 2143 1192 2203 Imo
1232 2144 1583 2226 imperante
1624 2141 1767 2198 Rue

5 2307 7 2311 Ι
49 2232 278 2306 dolpho
322 2234 409 2289 II.
461 2230 542 2290 ab
595 2229 903 2290 similibus
945 2230 1166 2314 jurgiis
1204 2230 1283 2290 ad
1330 2231 1532 2289 minas
1571 2228 1762 2287 etiam

5 2391 7 2398 A
48 2318 195 2379 belli
222 2318 562 2379 deventum
601 2331 724 2393 est,
773 2317 943 2400 quod
987 2342 1065 2379 ex
1105 2320 1439 2380 contrariis
1479 2317 1762 2402 partium

7 2454 9 2495 ;
49 2406 407 2468 foederibus
452 2410 722 2468 invicem
766 2407 1142 2467 timebatur:
1208 2404 1353 2467 hinc
1389 2409 1762 2468 Protestan—

7 2510 17 2571 ᾗ
46 2510 138 2556 tes
179 2498 526 2558 necessario
565 2495 780 2557 foedus
819 2517 999 2555 suum
1041 2498 1263 2557 initum
1306 2519 1357 2556 a.
1411 2497 1600 2556 1610.
1646 2513 1763 2552 no-

44 2587 217 2645 mine
267 2588 522 2644 Unionis
571 2588 1031 2663 Evangelicae,
1096 2583 1400 2645 Catholici
1440 2604 1597 2642 vero
1640 2584 1761 2639 Li-

35 2697 167 2751 gae
214 2677 485 2733 Sanctae
527 2698 634 2735 seu
688 2678 1004 2734 Catoliccte
1042 2673 1446 2759 appellarunt.
1493 2671 1761 2730 Interim

43 2764 383 2823 Germania
439 2763 514 2822 ad
552 2788 602 2823 a.
667 2765 850 2826 1592.
897 2765 1080 2823 nimis
1134 2762 1386 2822 turbata
1429 2772 1521 2821 est
1558 2772 1766 2819 morte

50 2853 312 2911 Joamzis
367 2854 475 2936 Ep.
518 2853 1106 2936 ArgentoratensiS,
1168 2853 1267 2911 cui
1313 2869 1474 2908 unus
1518 2870 1595 2909 ex
1648 2848 1766 2906 Ca-

53 2940 329 3017 tholicis,
399 2943 556 3005 alter
614 2965 693 3005 ex
753 2939 1249 3003 Protestantibus
1306 2937 1544 2999 suffecti
1599 2950 1761 2999 sunt.

1603 3029 1674 3086 In
