2097 3726
568 14 853 70 Romano
896 13 1230 84 Germanii,
1534 24 1569 81 4
1579 22 1616 83 9
1630 41 1654 81 1

0 221 1 224 =
47 197 188 270 post
233 188 563 247 Matthiae
623 201 897 247 mortem
954 189 1138 250 1490.
1200 213 1579 278 recuperare
1648 220 1762 281 po-

46 278 185 334 tuit.
251 277 318 357 a)
373 279 644 359 Postque
698 279 876 358 gravi
926 279 1151 337 morbo
1198 284 1413 341 Lincii
1462 285 1751 347 laborare

44 367 283 447 coepit,
323 366 432 426 ubi
465 368 650 426 etiam
694 363 888 424 rebus
913 389 990 426 ex
1021 366 1236 427 ultima
1260 372 1577 435 voluntate
1600 396 1751 434 con-

43 456 271 514 stitutis
314 477 365 514 a.
411 455 596 516 1495.
634 453 829 514 altero
862 475 1048 514 crure
1103 457 1185 516 ob
1226 463 1576 521 carcinoma
1615 466 1754 546 pri-

45 563 118 602 us
158 543 421 603 abscisso
474 556 759 602 mortuus
803 557 926 619 est,
976 546 1057 624 b)
1104 549 1318 607 aetatis
1364 553 1459 610 78.
1501 554 1758 634 imperii

51 633 153 692 54.
195 654 323 714 quo
378 633 711 692 Caesarum
765 653 948 692 nemo
1006 649 1145 715 post
1200 637 1562 712 Augustam
1615 638 1762 698 diu-

49 723 176 780 tius
229 722 598 805 imperavit3
651 719 927 803 sepultus
973 725 1251 784 Viennae
1297 727 1361 783 in
1397 727 1656 810 Templo
1693 730 1759 786 S.

50 810 375 885 Stephani,
426 809 557 869 Sub
596 831 671 870 eo
722 822 969 893 praeter
1013 812 1371 895 complures
1426 815 1769 876 celeberri-

49 919 187 959 mos
221 900 409 959 Viros
440 921 476 957 a
505 897 701 959 literis
739 912 802 958 et
837 901 1132 960 institutis
1166 901 1534 964 clarissimos
1558 949 1574 978 ‚
1603 905 1768 965 mul-

5 1023 7 1038 ·
54 1000 156 1047 tae
183 986 338 1048 aliae
386 1010 484 1050 res
527 987 964 1050 memorabiles
1018 1005 1403 1051 evenerunt:
1462 995 1555 1053 uti
1601 997 1768 1055 circa

55 1099 151 1136 an.
210 1078 396 1138 1440.
453 1076 896 1161 Typographia
953 1080 1208 1139 inventa
1272 1091 1364 1140 est
1429 1105 1465 1140 a
1535 1084 1775 1141 Joczmze

3 1180 7 1243 ς
62 1168 306 1225 Fausto
366 1167 783 1251 Moguntino,
870 1167 970 1228 vel
1029 1166 1204 1251 juxta
1250 1168 1400 1229 alios
1457 1193 1491 1228 a
1538 1174 1776 1230 Joamze

0 1251 6 1325 J
64 1257 519 1336 Gattenbergio
561 1255 1029 1337 Argentinensi.
1101 1261 1286 1318 1444.
1321 1259 1546 1319 accidit
1578 1260 1778 1320 clades

59 1344 402 1405 Varnensis
467 1347 633 1406 inter
684 1346 1020 1427 Hungaros
1070 1360 1132 1406 et
1191 1348 1424 1407 Turcas
1493 1352 1778 1410 omnium

0 1469 5 1521 3
57 1433 510 1509 celeberrima,
574 1434 681 1495 sed
720 1432 1090 1494 Christianis
1143 1434 1623 1513 luctuosissima,
1664 1459 1782 1496 cu-

61 1522 156 1606 jus
203 1545 387 1582 causa
445 1525 546 1582 icti
605 1522 877 1585 foederis
915 1525 1174 1584 violatio
1222 1525 1493 1606 impulsu
1540 1528 1783 1584 Juliani

2 1679 3 1685 ¹
59 1611 410 1672 Cardinalis
444 1612 602 1673 facta
644 1626 767 1687 est,
828 1625 963 1672 tum
1004 1611 1476 1674 foederatorum
1530 1615 1782 1673 Princi-

0 1715 3 1786 Ι
61 1724 214 1786 pum
255 1699 554 1778 tardita33
590 1706 862 1761 Joannes
889 1702 1058 1761 enim
1083 1705 1404 1777 Hanyadi
1438 1701 1567 1762 dux
1601 1704 1788 1762 Hun-

0 1811 3 1832 ·
65 1812 365 1872 garorum
433 1791 918 1864 celeberrimuS,
976 1804 1042 1850 et
1078 1792 1268 1851 totius
1331 1788 1790 1852 Chrstianitatis

0 1875 2 1902 ³
65 1894 548 1956 ornamentum,
607 1880 730 1966 jam
773 1881 1067 1964 perprius
1108 1877 1534 1941 celeberrimis
1577 1880 1789 1941 relatis

74 1971 359 2029 victoriis
413 1969 570 2031 adeo
608 1974 992 2030 Amaratem
1047 1970 1124 2028 ΙΙ.
1175 1971 1525 2028 Turcarum
1576 1970 1784 2054 Impe-

67 2074 347 2119 ratorem
392 2072 744 2135 terruerat,
789 2073 862 2118 ut
902 2080 1116 2141 pacem
1155 2056 1326 2118 ultro
1362 2072 1644 2142 posceret
1669 2106 1684 2134 ‚
1728 2069 1792 2118 et

68 2146 438 2209 decennales
481 2147 759 2208 inducias
812 2147 1086 2207 oferret:
1135 2159 1415 2207 ceterum
1459 2145 1573 2207 hac
1608 2146 1787 2207 clade

72 2237 380 2297 Varnensi
425 2239 798 2319 periverunt
832 2235 1015 2296 multi
1069 2236 1358 2319 Episcopi
1392 2237 1679 2319 Hungari
1726 2261 1792 2295 a-

78 2325 277 2409 liique
332 2327 532 2385 omnis
594 2325 837 2386 ordinis
900 2325 1023 2383 viri
1075 2322 1513 2401 celeberrimi3
1560 2327 1617 2406 c)
1665 2328 1792 2385 imo

75 2418 206 2501 ipse
242 2414 693 2497 Hungarorum
732 2416 873 2475 Rex
923 2416 1023 2472 W
1013 2416 1321 2473 ladislaus
1344 2417 1388 2472 Ι.
1427 2428 1569 2497 post
1605 2436 1793 2496 quam

1580 2503 1704 2562 cla-

153 2690 223 2753 a)
263 2682 468 2733 Aeneas
513 2680 663 2763 Sylv.
719 2699 765 2734 c.
803 2677 891 2734 16.
942 2678 1007 2761 de
1041 2683 1196 2779 Sim-¹
1234 2677 1794 2784 EuropciessDubrav.

227 2749 1108 2890 {siossdsssszsssshssae3331,ssss..igini
1148 2748 1371 2874 ¹5.{‘²¹‡{.¹12
1409 2748 1795 2888 &2211252332

233 2912 291 2944 c.
317 2893 400 2945 51.
443 2912 592 2963 seqq.
634 2891 951 2946 Pantaleon.
1013 2900 1065 2941 et
1099 2889 1209 2941 alii.
1265 2889 1319 2959 c)
1377 2891 1513 2944 Aen.
1548 2888 1700 2958 Sylv.
1740 2891 1797 2941 in

230 2964 608 3038 Descriptione
638 2965 905 3035 Europae.
946 2982 991 3018 c·
1015 2961 1062 3016 5.
1105 2970 1159 3014 et
1189 2960 1457 3033 Epistola.
1491 2958 1572 3013 52.
1600 2957 1687 3018 81.
1713 2959 1793 3012 87.
