2097 3726
522 213 1314 267 Romanorum.
1607 203 1686 264 45

75 394 187 456 hlii
219 411 424 472 nuper
468 388 532 444 in
590 383 887 466 Hispania
939 381 1099 441 caesi
1155 379 1354 453 filius,
1431 380 1529 440 24.
1586 401 1783 441 annos

73 494 253 540 natus
294 473 811 538 Proconsulatum
844 469 1167 543 obtinen8‚
1233 469 1422 529 officii
1463 492 1784 553 exequen-

77 570 141 628 di
201 589 379 627 causa
440 565 765 636 dimissus,
835 557 1275 643 Carthaginem
1336 581 1604 632 novam,
1670 558 1785 617 ubi

76 659 264 717 totius
324 651 658 736 Hispaniae
720 645 966 710 obsides
1029 645 1540 709 asservabantur·
1579 651 1787 731 cepit3

73 768 144 805 ac
169 745 453 803 maximis
487 741 674 801 rebus
714 740 900 822 gestis
938 751 1069 797 tam
1099 738 1552 819 temperantia,
1599 758 1791 819 quam

73 835 378 904 victoria,
464 841 606 913 post
659 830 943 910 quinque
1011 846 1203 886 annos
1269 822 1783 907 Carthaginenses

75 944 218 982 cum
249 919 608 977 Asdrubale
647 931 775 976 tota
816 914 998 1000 ejecit
1032 913 1327 998 Hispania
1357 958 1371 988 ,
1420 935 1685 996 eamque
1722 915 1787 972 in

75 1004 423 1070 continenti
479 1009 751 1090 primam
806 1005 955 1066 fecit
1013 1004 1440 1089 provinciam3
1507 1001 1650 1062 inde
1695 1004 1792 1061 vi-

75 1098 380 1158 ctricibus
411 1097 599 1156 armis
647 1097 710 1155 in
752 1093 1038 1162 Africam
1080 1090 1517 1176 profecturuS,
1567 1089 1785 1151 foedus

74 1209 220 1246 cum
282 1187 674 1245 Massinissa
736 1183 1223 1245 Masaesulorum
1280 1201 1429 1262 rege
1490 1178 1653 1240 fecit.
1701 1213 1787 1224 —-

78 1277 342 1335 Interim
383 1276 448 1332 in
493 1273 672 1333 Italia
707 1275 1060 1331 Marcellus
1106 1271 1325 1352 quinta
1369 1271 1506 1328 vice
1538 1266 1787 1342 Consul,

78 1379 414 1448 postquam
477 1363 722 1444 aliquot
785 1361 1034 1443 praeliis
1099 1380 1244 1417 cum
1302 1358 1618 1416 Annibale
1674 1355 1793 1416 de-

77 1454 510 1537 pugnavisset,
561 1450 812 1510 tandem
859 1449 989 1532 ejus
1030 1448 1269 1509 insidiis
1307 1467 1639 1528 oppressus
1682 1447 1788 1503 vi·-

78 1550 206 1601 'tam
247 1540 471 1607 finivit,
521 1542 763 1601 Verum
805 1550 1105 1622 sequente
1129 1555 1297 1596 anno
1339 1535 1634 1594 Claudius
1670 1537 1740 1592 N
1765 1570 1795 1580 -

80 1655 150 1688 ro
190 1631 550 1690 venientem
586 1631 649 1687 in
687 1628 923 1686 Italiam
955 1626 1376 1684 Asdrubalem
1406 1621 1482 1681 ad
1531 1620 1796 1705 conjun-

78 1717 306 1801 gendas
345 1739 488 1776 cum
529 1716 842 1776 Annibale
890 1715 1088 1776 fratre
1131 1715 1298 1773 vires
1333 1724 1395 1770 et
1436 1714 1665 1795 copias,
1713 1708 1790 1769 ad

79 1810 451 1865 Metaurum
507 1805 778 1865 fluvium
831 1819 999 1864 tanta
1067 1801 1379 1887 oppressit
1442 1799 1653 1876 clade,
1722 1814 1794 1860 ut

79 1893 416 1955 Cannensis
462 1894 664 1955 clades
707 1892 867 1954 h'osti
916 1891 1163 1956 reddita
1222 1886 1582 1950 videretur:
1646 1912 1793 1950 nam

81 1984 160 2046 de
220 2006 541 2045 caesorum
593 1986 877 2045 Numero
942 1986 1055 2044 etsi
1121 1982 1265 2041 satis
1324 2002 1454 2039 non
1521 1992 1797 2053 constet,

81 2073 351 2156 denique
401 2084 593 2157 caput
630 2074 1011 2134 Asdrubalis
1060 2085 1204 2133 ante
1258 2069 1570 2129 Stationes
1625 2070 1793 2128 Poe-

84 2184 311 2222 norum
363 2161 444 2220 ab
499 2166 745 2221 Nerone
802 2161 1198 2246 projectum,
1268 2159 1446 2217 triste
1504 2171 1794 2240 acceptae

84 2249 268 2310 cladis
308 2249 611 2311 indicium
663 2254 960 2312 Annibali
995 2251 1115 2310 fuit
1156 2247 1484 2310 relictum:
1553 2268 1678 2329 qua
1716 2245 1790 2306 il-

83 2335 141 2399 le
177 2339 376 2421 specie
412 2340 737 2421 perculsus
761 2387 777 2416 ‚
825 2345 890 2400 in
929 2340 1143 2401 Italiae
1182 2335 1479 2419 angulum
1516 2335 1594 2395 ad
1632 2336 1796 2394 Bru-

88 2431 204 2487 tios
243 2448 306 2486 se
343 2431 599 2510 recepit.
649 2430 790 2500 Quo
826 2428 986 2489 facto
1023 2431 1229 2505 Scipio
1272 2424 1541 2509 paccatis
1573 2425 1638 2482 in
1676 2423 1795 2482 Hi-

87 2517 298 2599 spania
331 2515 523 2576 rebus
568 2539 618 2575 a.
651 2516 731 2575 U.
759 2517 901 2600 549.
939 2516 1171 2577 bellum
1206 2517 1270 2575 in
1290 2513 1572 2572 Africam
1596 2526 1794 2571 trans-

87 2601 474 2690 portandum
521 2607 775 2680 statuit3
844 2605 928 2681 a)
994 2605 1105 2664 ubi
1153 2617 1480 2687 postquam
1526 2599 1795 2683 quadra-

89 2696 258 2778 ginta
299 2693 549 2753 dierum
595 2694 796 2777 spatio
858 2696 1106 2752 Uticam
1153 2691 1380 2750 urbem
1422 2687 1795 2760 obsedisset,

90 2805 206 2866 per
282 2779 572 2864 hyemem
638 2780 1077 2843 adventantem
1157 2793 1396 2864 captata
1474 2779 1797 2838 occasione

1571 2868 1704 2924 Au-

165 3043 634 3189 a)4‘)Scig3i‹{›qdein
679 3010 970 3100 Africanus
1016 3042 1213 3108 dictuS,
1251 3037 1456 3096 Livius.
1502 3039 1563 3095 L.
1605 3038 1692 3094 26.
1748 3057 1794 3092 c.
