2097 3726
431 163 558 221 450
883 165 1186 222 Historia
1220 165 1495 240 Imperii.

338 335 588 393 titulum
629 334 874 395 tribuit.
921 338 1323 399 Academiam
1365 341 1648 398 Viennae
1683 340 1742 397 in
1788 337 2046 398 Austria

342 427 525 484 1257.
567 422 867 484 fundavit.
915 427 989 484 In
1022 428 1344 489 obsidione
1388 431 1712 488 Parmensi
1758 450 1806 486 a.
1847 431 2030 487 1274.

337 534 478 571 cum
529 515 790 595 pecunia
841 513 1318 590 destitueretur,
1382 516 1457 576 de
1511 519 1678 574 corio
1737 528 2046 573 monetam

339 601 635 674 induxit,
701 624 889 683 quam
944 620 1154 686 postea
1202 607 1402 664 aureis
1451 604 1704 687 singulis
1754 603 2039 665 redemit.

336 691 599 749 Interim
635 693 998 750 Friclericas
1044 695 1133 752 II.
1185 708 1316 752 toto
1363 695 1529 753 vitae
1569 708 1856 777 tempore
1901 715 2044 773 gra—

335 780 580 839 vissima
627 777 787 837 bella
840 782 1082 839 interna
1139 795 1201 841 et
1246 795 1538 855 externa,
1604 781 1873 865 impulsu
1927 782 2044 837 im-

334 871 551 953 primis
605 868 1036 926 Romanorum
1097 868 1470 928 Pontificum
1527 892 1743 953 gerere
1791 868 2041 929 debuit:

334 960 444 1038 qui
503 958 730 1038 pacatis
777 970 1096 1038 utcunque
1142 958 1377 1040 patriae
1418 959 1604 1019 rebus
1632 1006 1646 1033 ,
1695 960 1757 1017 in
1800 958 2043 1016 Italiam

333 1042 647 1128 profectus
690 1056 816 1119 est,
866 1059 934 1103 ut
965 1067 999 1102 a
1033 1043 1331 1105 Pontifice
1373 1048 1722 1129 Imperator
1771 1047 2042 1106 declara-

336 1149 549 1207 retur,
597 1146 786 1215 prout
821 1133 899 1191 ab
947 1136 1234 1191 Honorio
1273 1157 1325 1194 a.
1371 1138 1556 1196 1220.
1599 1159 1891 1196 coronam
1926 1137 2042 1194 eti-

331 1246 431 1282 am
467 1224 742 1304 accepit,
791 1222 899 1280 ubi
954 1236 1023 1279 ut
1061 1225 1482 1282 coronationis
1533 1224 1902 1284 beneficium
1940 1245 2039 1281 re-

330 1324 815 1383 muneraretur,
882 1313 1252 1369 Faldensem
1309 1314 1683 1371 Comitatum
1733 1312 2039 1372 Ecclesiae

330 1402 651 1461 Romanae
703 1412 1008 1483 perpetuo
1068 1397 1206 1482 jure
1250 1400 1688 1483 possidendum
1739 1400 2038 1460 contulit:

333 1513 461 1574 quo
523 1510 698 1561 cum,
785 1487 1041 1569 ejusque
1116 1491 1571 1549 successoribus
1631 1489 1841 1573 paullo
1902 1501 2039 1571 post

336 1580 536 1638 varias
572 1577 647 1637 de
691 1577 998 1637 Ecclesiae
1035 1575 1361 1651 libertate,
1422 1593 1483 1638 et
1521 1577 1918 1662 expeditione
1970 1580 2035 1634 in
2094 1619 2097 1655 7

334 1681 569 1727 terram
617 1667 904 1724 Sanctam
958 1664 1377 1747 suscipienda,
1445 1667 1579 1727 lites
1637 1665 1869 1725 habuit.
1951 1667 2034 1744 (ι)
2095 1690 2097 1738 }

335 1758 554 1814 'Uxore
605 1753 789 1813 ducta
839 1756 1124 1825 Jolcmta,
1188 1753 1324 1837 jura
1367 1759 1541 1836 regni
1586 1754 2039 1834 Hierosolymi-

334 1844 459 1903 tani
522 1846 586 1900 in
634 1864 696 1902 se
750 1846 1000 1924 recepit.
1076 1842 1151 1921 b)
1211 1843 1380 1902 Bella
1424 1846 1608 1924 gessit
1656 1846 1839 1903 etiam
1894 1865 2035 1900 cum
2096 1866 2097 1870 ¹

334 1933 690 2005 Saracenis,
740 1933 952 2013 ingens
995 1932 1162 1990 enim
1204 1953 1280 1990 ex
1324 1933 1576 2014 Europa
1622 1932 1682 1990 in
1722 1934 2030 1991 orientem

332 2020 699 2079 mittebatur
734 2021 1043 2079 exercitus
1090 2041 1141 2075 a.
1200 2023 1385 2079 1227.
1438 2042 1624 2100 quem
1681 2025 2030 2102 Imperator

335 2108 561 2168 morbo
619 2109 791 2189 prius
833 2106 1162 2189 impeditus
1195 2109 1441 2167 nonnisi
1488 2131 1538 2165 a.
1587 2112 1771 2169 1228.
1807 2129 2032 2188 seque-

341 2195 562 2270 batur,
621 2199 729 2277 qui
762 2199 1208 2254 Ptolemaidem
1250 2199 1502 2254 veniens
1545 2199 1781 2272 Joppetz
1825 2199 2032 2253 muni-

334 2286 442 2343 vit.
511 2288 771 2344 Interim
829 2283 1112 2343 Pontifex
1177 2287 1519 2360 Gregorius
1566 2288 1798 2366 magnis
1848 2283 2031 2342 moli-

336 2374 609 2433 tionibus
657 2372 825 2432 domi
865 2386 924 2431 et
967 2371 1116 2430 foris
1170 2395 1312 2432 eum
1358 2395 1582 2433 vexare
1631 2395 1757 2432 non
1809 2370 2025 2444 desiit,

334 2465 444 2543 qui
492 2464 834 2523 exercitum
888 2464 951 2519 in
997 2459 1289 2542 Apuliam
1323 2463 1608 2537 mittens,
1657 2476 1856 2520 terras
1903 2461 2028 2518 Im·-

333 2553 636 2634 peratoris
664 2550 776 2609 sibi
812 2548 1104 2628 subjecit3
1151 2548 1484 2630 literasque
1515 2552 1575 2608 in
1622 2550 2025 2610 Palaestinam

332 2641 539 2714 misit,
603 2651 672 2697 ut
732 2660 943 2699 omnes
1001 2637 1089 2694 ibi
1148 2640 1592 2721 Imperatorem
1651 2637 2024 2698 desererent.

1754 2727 1930 2786 Cete-

401 2918 436 2949 a
450 2901 487 3017 ἦ
496 2898 863 3038 ιῗᾚθὲἓέρῖ)”
889 2895 1008 3018 13³1?ss
1013 2898 1157 3017 {122⁰
1167 2896 1572 3020 ’ὲῗὲἇῖῗὶἷᾟέθ
1586 2897 1705 3021 1233?
1711 2936 1722 2947 '
1753 2897 2020 3019 §ififflt

469 3038 595 3090 Dec.
631 3039 677 3089 2.
738 3039 795 3086 L.
837 3035 888 3086 8.
936 3057 980 3088 c.
1024 3039 1069 3088 1.
1124 3036 1199 3107 b)
1250 3038 1433 3088 Jacob.
1484 3038 1548 3088 de
1593 3037 1827 3087 Vltrario
1869 3039 1930 3091 L.
1961 3037 2014 3091 3.

472 3108 611 3162 Hist.
659 3106 922 3160 Hierosol-
964 3108 1198 3162 Marian.
1229 3106 1529 3166 Torsellus.
1567 3108 1631 3161 L.
1658 3106 1705 3160 3.
1745 3109 1801 3165 P.
1826 3106 1874 3160 2.
1905 3106 2023 3159 (3.4.
