2097 3726
493 104 1289 159 Romanorum.
1586 117 1663 159 21

2 329 8 342 ⁷,
60 281 217 341 tium
268 279 447 362 regni
486 298 519 334 a
554 273 757 334 Sacris
804 286 868 334 et
906 293 1058 357 pace
1102 273 1536 357 auspicaretul
1560 321 1577 352 ‚
1645 276 1768 337 La-

6 373 8 385 '
62 326 587 430 uno1um02A1mis
626 362 972 438 lacessitus,
1019 360 1257 421 bellum
1296 365 1387 424 eis
1424 388 1540 449 per
1585 365 1769 427 Feci..

61 458 186 518 ales
224 454 482 531 indixit3
546 453 626 533 a)
672 473 864 534 qum,
937 452 1304 534 expugnatis
1339 453 1550 514 multis
1587 457 1769 539 oppi-

59 546 197 622 dis,
243 545 321 605 ad
363 540 556 602 multa
599 540 793 600 millia
829 540 1096 599 Romam
1141 538 1461 618 deductos,
1497 545 1563 601 in
1603 544 1767 605 valle

61 636 230 696 inter
268 631 655 704 Palatinum,
691 643 754 690 et
796 628 1187 690 Aventinum
1226 644 1468 690 montes
1496 631 1768 693 colloca-

4 767 9 782 ,-
59 726 191 799 vit3
234 722 594 779 Janiculum
627 719 941 779 munitum
965 763 982 792 ‚
1060 715 1228 779 Urbi
1269 718 1536 780 sublicio
1575 735 1769 804 ponte

58 807 417 893 conjunxit:
490 810 736 868 Ostiam
787 806 1015 873 urbem
1051 804 1372 883 condidit,
1436 822 1500 868 et
1537 809 1772 871 Roma..

59 921 212 958 num
258 898 604 981 Imperium
651 894 727 954 ad
773 917 947 958 mare
996 916 1196 978 usque
1250 895 1539 980 protulit.
1604 901 1771 959 Tan-

8 1031 9 1035 =
60 985 203 1049 dem
225 983 501 1046 filiorum
525 1006 784 1046 suorum
824 984 1128 1045 Tutorem
1164 987 1582 1063 Tarquinium
1622 989 1775 1046 Pri-

7 1133 9 1137 ,
58 1096 230 1134 scum
268 1074 673 1157 relinquens,
735 1087 1022 1133 mortuus
1063 1086 1155 1135 est
1193 1096 1242 1132 a.
1277 1074 1459 1157 regni
1503 1077 1601 1137 244
1648 1077 1726 1157 b)

224 1165 302 1225 V.
349 1166 426 1222 L.
474 1166 861 1241 Tarquinius
901 1163 1273 1245 cognomine
1306 1166 1598 1238 Prisc-118,
1644 1165 1776 1224 Tu-

62 1265 165 1313 tor
225 1249 504 1311 filiolum
575 1255 737 1308 Anci
801 1251 940 1336 plus
1008 1250 1354 1335 cupiditate
1426 1251 1776 1334 regnandi,

64 1362 256 1442 quam
302 1339 423 1402 fide
464 1339 781 1400 serviendi
829 1339 1061 1415 valuit,
1122 1362 1267 1399 nam
1313 1361 1509 1422 quum
1563 1342 1628 1398 in
1668 1340 1777 1399 ab-

61 1431 258 1489 sentia
287 1430 611 1511 regiorum
637 1431 741 1489 P1
727 1450 1005 1512 melpum
1057 1428 1314 1486 comitia
1353 1424 1550 1489 habel
1536 1442 1776 1503 entur,

8 1571 10 1587 ,
61 1515 126 1576 id
161 1518 398 1594 effecit3
444 1530 517 1576 ut
561 1519 693 1600 ipse
739 1522 992 1576 Priscus
1028 1516 1169 1576 Rex
1213 1514 1591 1598 eliger7etur
1624 1517 1772 1577 licet

8 1607 11 1640 ²
63 1605 278 1666 fuisset
340 1603 661 1690 cujusdam
741 1603 995 1690 profugi
1104 1607 1449 1664 Demarati
1556 1609 1778 1665 Corin—

8 1698 11 1765 ἶ
67 1697 192 1754 tlzii
223 1691 400 1754 filius.
449 1694 746 1755 Ceterum
789 1707 861 1753 ut
887 1716 1151 1777 regnum
1185 1692 1406 1756 fraude
1451 1694 1779 1756 obtentum

8 1775 11 1829 3
63 1783 183 1844 sibi
223 1781 546 1858 firmaret,
613 1783 828 1844 Novos
870 1784 1141 1844 Centum
1196 1785 1393 1846 Viros
1433 1784 1555 1844 sibi
1605 1783 1783 1843 addi-

9 1870 11 1944 ζ
67 1887 201 1932 ctos
238 1873 298 1930 in
333 1872 636 1932 Patricios
675 1869 1040 1955 adoptavit,
1101 1874 1216 1955 qui
1252 1872 1575 1934 minorum
1616 1873 1785 1933 Gen-

68 1964 236 2022 tium
281 1963 497 2022 Patres
541 1972 685 2020 sunt
737 1960 1049 2045 appellati.
1118 1962 1197 2042 c)
1243 1962 1370 2022 Pro
1406 1962 1643 2046 populo
1687 1982 1786 2020 so-

9 2103 11 2127 ,
67 2049 282 2111 lennes
334 2052 660 2112 Circenses
707 2049 969 2111 Annuos
1028 2047 1207 2109 ludos
1256 2073 1291 2108 a
1343 2051 1526 2108 Circo
1585 2050 1785 2109 dictos

80 2139 366 2198 instituit.
428 2140 590 2199 Cum
633 2138 892 2199 Sabinis
939 2154 1002 2200 et
1043 2139 1283 2199 Latinis
1335 2160 1617 2223 pugnans
1673 2141 1787 2198 ui-

9 2239 11 2242 '
74 2224 425 2309 umphavit.
489 2231 955 2288 Hetrzcscorzem
1012 2249 1121 2289 seu
1170 2230 1432 2288 Tusciae
1480 2229 1624 2294 XII
1672 2250 1785 2311 po-

79 2315 258 2399 pulos
299 2336 497 2397 quum
530 2316 904 2398 subegisset,
972 2339 1322 2401 eorumque
1367 2337 1516 2401 opes
1570 2315 1628 2375 fr
1615 2319 1789 2399 eois-

11 2443 13 2447 .
82 2419 206 2479 set,
272 2425 422 2463 mox
459 2402 539 2462 ab
585 2401 677 2463 his
722 2417 943 2506 sponte
984 2407 1409 2508 principatum
1451 2366 1791 2467 defereiiti—

11 2493 13 2511 ⁴
79 2493 232 2568 bus,
283 2495 472 2554 etiam
516 2514 720 2574 impei
726 2515 768 2549 11
810 2494 1074 2575 insignia
1114 2497 1241 2553 uti:
1289 2496 1602 2553 Colonam
1657 2496 1791 2553 Au-

11 2599 13 2665 ξ
82 2603 292 2658 leam,
341 2579 568 2642 Sellam
608 2580 982 2657 eburneam
1028 2592 1235 2665 togam
1273 2604 1658 2666 purpuream
1695 2585 1790 2666 pi-

1535 2684 1700 2731 ctam

159 2843 238 2916 a)
276 2842 399 2898 Lix.
437 2844 502 2898 L.
544 2840 675 2897 1.c.
715 2838 799 2898 13.
834 2841 1061 2901 Dionxs.
1101 2844 1170 2900 L
1206 2839 1260 2898 3.
1335 2841 1514 2898 ‚177.
1551 2861 1702 2923 seqq.
1734 2842 1795 2910 b)

240 2912 408 3041 ifieigi
429 2904 1036 3042 1¹5h¹b102tximliuq3l⁴
1078 2912 1130 2971 1.
1167 2933 1215 2972 e.
1255 2912 1342 2969 1.
1391 2915 1447 2987 c>
1488 2914 1693 2969 Livius,
1732 2916 1795 2970 L.
