2097 3726
403 158 517 222 154
857 156 1460 212 Historia

303 332 662 400 Ambrosii,
728 331 1139 405 Isiet·onymi‚
1224 332 1681 406 Clmysostomi,
1746 332 1998 389 Ezcsebz'i

303 434 415 479 ete.
466 441 542 477 ex
598 415 827 499 quibus
881 418 1127 477 abunde
1168 433 1370 501 patet,
1422 442 1581 501 quae
1633 420 1830 501 capita
1880 443 1996 501 pro

304 506 425 565 fide
483 508 841 578 Catholica,
910 522 971 567 et
1023 529 1185 589 quae
1241 530 1354 589 pro
1409 509 1737 567 Haeretica
1791 506 2001 567 habita

299 593 573 674 fuerunt.
620 630 704 638 ——-
756 597 1018 654 Bitzcum
1079 610 1140 654 et
1199 598 1690 655 cerimoniarum
1742 619 2004 678 appara-

301 698 435 741 tum
485 686 646 744 mire
695 683 881 743 fuisse
945 683 1272 743 adauctum
1326 688 1384 744 S.
1447 687 1850 763 Augustinus
1912 688 2000 766 a)

299 784 576 831 testatur.
659 771 843 832 Unde
889 787 1204 833 crescente
1259 775 1689 833 'Romanorum
1739 773 2005 834 Pontifi-

300 881 444 918 cum
492 864 862 921 auctoritate
917 876 981 921 et
1033 861 1387 936 dominatu,
1460 861 1649 922 iidem
1701 885 1892 921 novas
1941 865 2005 920 in

299 947 431 1009 dies
462 951 931 1009 constitutiones
954 952 1118 1009 circa
1154 949 1539 1033 disciplinam
1591 966 1652 1010 et
1691 954 1848 1010 ritus
1876 951 2008 1011 edi-

300 1036 565 1112 derunt,
632 1052 821 1119 atque
857 1035 1000 1096 hinc
1051 1038 1277 1118 gradus
1318 1039 1690 1121 dignitatum
1719 1086 1734 1116 ,
1796 1039 2013 1098 Festo-

302 1149 445 1184 rum
480 1147 688 1185 sacrae
735 1126 1188 1199 solemnitates,
1256 1127 1665 1211 Templorum
1716 1142 2005 1201 ornatuS,

300 1216 366 1273 in
399 1217 472 1273 iis
513 1217 846 1296 imagineS,
894 1215 1111 1288 Cerei,
1160 1213 1436 1292 suffitus,
1483 1216 1873 1275 Clericorum
1916 1215 2010 1273 di-

299 1304 550 1362 stinctio
583 1302 927 1375 CancelliS,
992 1303 1285 1362 vestibus,
1356 1317 1466 1362 etc.
1521 1308 1751 1362 Psalmi
1801 1308 2013 1362 Davi-

304 1395 427 1450 αἰεί
479 1391 727 1474 publice
776 1394 839 1449 in
877 1391 1210 1451 Ecclesiam
1265 1391 1714 1452 occidentalem
1769 1408 2012 1474 tempo-

303 1504 376 1541 re
431 1483 710 1539 Damasi
766 1480 941 1539 Pont.
994 1479 1375 1554 introducti,
1451 1480 1616 1541 unde
1679 1483 2012 1554 CantoreS,

306 1570 451 1627 item
477 1571 695 1625 Lectio
740 1571 1113 1643 Scripturae
1168 1571 1543 1644 szotzicae,
1578 1567 1746 1629 unde
1786 1573 2015 1627 Lecto-

312 1680 412 1714 res
455 1656 799 1721 invaluere,
858 1657 1144 1717 Lectioni
1183 1657 1498 1717 Homiliae
1556 1671 2012 1734 successerunt,

307 1759 438 1803 tum
465 1765 678 1825 preces
712 1743 996 1827 publicae
1039 1744 1237 1818 fusae,
1287 1748 1488 1804 oratio
1529 1747 2012 1819 Poenitentium‚

308 1830 667 1893 benedictio
704 1832 961 1916 populi,
1011 1847 1123 1892 ete.
1159 1832 1323 1891 Ante
1357 1856 1520 1916 quae
1557 1836 1764 1893 omnia
1803 1833 2016 1892 datum

309 1934 444 1981 erat
496 1923 739 2002 signum
775 1924 930 1978 sacri
984 1935 1328 1981 conventus
1357 1965 1372 1993 ,
1433 1924 1587 1999 ligni
1616 1926 1978 1999 pulsatione
1995 1969 2014 1995 ,

309 2009 410 2069 vel
427 2031 816 2086 praeconum
855 2017 998 2067 voce
1021 2057 1040 2084 ,
1087 2032 1213 2069 non
1248 2031 1401 2069 vero
1449 2012 1784 2092 campanis.
1829 2013 2019 2071 Prae—

314 2113 413 2157 ter
474 2095 707 2180 jejunia
764 2096 955 2158 feriae
1005 2112 1268 2180 quartae
1315 2112 1376 2156 et
1425 2111 1673 2172 sextae,
1741 2102 2013 2159 maxime

311 2186 566 2246 solenne
603 2184 722 2244 fuit
758 2189 1075 2259 Jejam'am
1107 2198 1252 2244 ante
1285 2189 1590 2244 Pccsclzczle
1613 2233 1626 2260 ,
1676 2186 1847 2268 quod
1882 2209 2021 2247 suc—

312 2276 546 2334 cessive
591 2276 655 2331 in
714 2274 923 2356 plures
966 2277 1335 2357 septimanas
1393 2278 1675 2334 excrevit
1714 2276 1789 2353 b)
1843 2301 1877 2335 a
1929 2275 2022 2359 je-

315 2362 489 2447 junio
558 2377 766 2423 tamen
822 2364 1300 2446 excipiebantur
1352 2362 1482 2422 dies
1536 2363 1911 2428 Dominicae,
1956 2379 2018 2425 et

315 2448 652 2524 sabbathi,
714 2451 856 2512 licet
897 2453 1282 2510 Sabbcctlmm
1333 2473 1479 2510 mox
1515 2476 1547 2510 a
1590 2453 1827 2512 Latinis
1861 2452 2022 2536 jeju-

318 2542 421 2599 nio
458 2537 580 2597 fuit
614 2538 988 2600 destinatum
1029 2543 1241 2599 invitis
1279 2540 1720 2600 Orientalibus,
1758 2578 1843 2587 --
1899 2545 2021 2602 Ca-

1821 2651 1931 2688 no-

390 2800 469 2870 a)
511 2801 748 2870 Epistola
785 2799 864 2853 19.
906 2798 975 2871 b)
1015 2803 1095 2853 Ex
1118 2800 1351 2850 -Canone
1381 2798 1602 2853 Laodic.
1634 2796 1721 2852 49.
1754 2813 1866 2866 seq.
1892 2814 2018 2847 nam

459 2873 699 2924 Ecclesia
735 2872 1018 2931 Romana,
1066 2879 1206 2920 teste
1252 2869 1473 2922 Socrate
1511 2869 1803 2920 Historico.
1861 2868 1924 2919 L.
1967 2866 2015 2919 5.

464 2961 511 2997 e.
548 2941 631 2993 22.
672 2954 782 2993 tres
815 2940 1185 2992 hebdomadas
1222 2939 1560 3002 observavit,
1596 2948 1657 2989 ut
1695 2935 1981 2989 Haetloixius
2006 2974 2021 2998 ‚

464 3021 518 3060 et
564 3012 754 3062 Vasius
804 3012 1127 3075 observant,
1187 3019 1373 3061 contra
1421 3009 1617 3063 Baron.
1667 3010 1809 3060 Anu.
1859 3005 1926 3056 T.
1975 3005 2017 3057 I.

464 3080 533 3132 ad
574 3099 659 3133 an.
703 3081 801 3137 Ch,
843 3080 925 3133 57.
