2097 3726
411 186 529 243 220ss
856 184 981 241 His
991 188 1155 243 toria
1207 188 1465 262 Imperii

317 382 411 416 ra.
479 358 645 417 Haec
690 359 1060 418 Investitura
1103 375 1236 420 erat
1266 363 1374 420 Jus
1413 381 1539 420 non
1574 373 1811 420 tantum
1850 382 1998 421 con-

314 445 610 506 stituendi
650 448 983 529 Episcopos
1047 461 1107 507 et
1164 450 1475 523 Abbates,
1536 450 1641 509 sed
1691 449 1872 509 simul
1930 450 2001 508 iis

316 557 458 594 cum
505 533 838 594 traditione
893 535 1093 594 baculi
1127 552 1189 597 et
1219 539 1430 597 annuli
1459 583 1474 611 ‚
1519 540 1703 597 etiam
1738 536 2002 595 Jurisdi—

318 625 586 683 ctionem
622 623 1005 706 spiritualem
1043 624 1402 687 conferendi
1430 647 1440 683 :
1489 625 1661 708 quod
1692 626 1729 683 J
1734 646 1800 683 us
1831 639 2000 683 uter-

320 733 447 793 que
486 713 781 772 atrociter
830 711 949 770 sibi
992 712 1361 774 vindicabat.
1453 714 1801 797 Imperator
1834 714 2004 772 enim

318 798 562 858 dicebat
600 823 633 857 a
669 820 732 859 se
777 799 1007 858 nullam
1050 803 1514 862 innovationem
1550 801 1686 861 fieri
1727 798 1864 884 jura
1896 821 2004 858 sua

319 886 545 946 tuenda
569 933 585 962 ,
609 910 771 970 quae
809 885 1159 948 decessores
1195 888 1328 971 ejus
1361 903 1792 951 exercuerunt.
1846 891 2008 946 Gre-

317 979 539 1054 gorius
586 997 739 1037 vero
791 975 1068 1036 dicebat:
1118 979 1311 1060 ipsius
1361 978 1547 1038 solius
1579 999 1719 1039 -esse
1774 973 2006 1057 benefi-

319 1066 413 1124 cia
458 1064 644 1124 Sacra
690 1067 754 1123 in
793 1063 1060 1124 Ecclesia
1111 1065 1396 1126 conferre
1429 1110 1445 1140 ,
1490 1070 1786 1149 quoniam
1843 1063 2006 1123 indi-

313 1174 435 1235 gna
471 1167 628 1215 esset
660 1152 1168 1213 Sacerdotiorum
1206 1152 1576 1214 nundinatio
1598 1201 1612 1227 ,
1651 1168 1721 1213 ut
1756 1178 1787 1211 a
1821 1154 2008 1212 Prin-

314 1241 563 1324 cipibus
621 1231 897 1303 exerceri
937 1240 1186 1300 solebat.
1279 1242 1490 1313 Quum
1533 1257 1737 1302 tamen
1772 1252 2012 1300 constet

313 1330 501 1390 etiam
521 1328 810 1414 deinceps
839 1328 1159 1389 Pontifices
1192 1332 1398 1389 omnia
1421 1330 1659 1389 venalia
1693 1328 2007 1402 habuisse,

316 1431 518 1500 patet:
569 1418 740 1502 quod
775 1440 902 1478 non
952 1429 1079 1476 tam
1126 1417 1202 1478 de
1240 1415 1410 1498 jure,
1442 1441 1586 1500 qam
1624 1417 1700 1478 de
1756 1415 2010 1476 sordido

315 1505 494 1565 lucro
546 1530 796 1568 omnem
854 1509 1320 1566 contentionem
1373 1508 1655 1587 viguisse.
1748 1506 2011 1565 Interim

317 1617 514 1676 quum
567 1596 839 1656 Saxones
879 1616 953 1655 eo
1004 1608 1288 1678 tempore
1347 1618 1441 1654 an.
1492 1598 1670 1661 1075.
1716 1592 2011 1654 adversus

316 1680 770 1765 Imperatorem
836 1705 1008 1741 arma
1047 1685 1436 1758 sumsissent‚
1493 1686 1606 1765 qui
1651 1704 1730 1742 ve
1789 1679 2013 1767 profli-

323 1773 486 1852 gati,
543 1775 995 1856 Imperatorem
1055 1771 1403 1831 multorum
1469 1772 1774 1831 scelerum
1845 1767 2010 1850 apud

318 1857 685 1919 Pontificem
738 1861 1185 1919 accusavissent
1231 1903 1246 1932 ‚
1313 1862 1655 1936 Gregorius
1725 1855 2014 1917 Pontifex

320 1948 634 2031 egregiam
675 1948 794 2008 sibi
846 1949 1228 2007 occasionem
1276 1945 1673 2007 vindicandae
1713 1947 2009 2004 Ecclesia-

322 2037 513 2097 sticae
578 2035 883 2096 libertatis
933 2035 1138 2094 datam
1211 2037 1617 2111 existima1183
1669 2036 2017 2091 Henriczcm

321 2123 479 2207 Imp.
521 2137 591 2183 ut
648 2125 1017 2184 accusationi
1074 2124 1391 2183 Saxonum
1445 2121 1852 2207 respondeat,
1888 2122 2020 2180 Ro-

320 2232 485 2271 mam
531 2227 745 2273 evocat
771 2259 785 2288 ⁷
829 2227 892 2273 et
935 2213 1000 2270 ni
1032 2214 1309 2294 paruerit
1355 2209 1674 2271 anathema
1719 2212 2014 2268 minatur.

324 2298 422 2359 Ad
481 2298 628 2360 haec
690 2305 1038 2383 Imperator
1091 2301 1351 2382 Legatos
1395 2301 1625 2370 mittit,
1666 2301 1776 2381 qui
1831 2299 2017 2379 igno-

327 2390 590 2449 miniose
648 2412 724 2449 ex
777 2389 936 2448 urbe
997 2386 1176 2470 ejecti
1229 2402 1408 2462 sunt,
1462 2391 1804 2466 Gregorius
1863 2406 2016 2444 vero

327 2476 564 2538 solenni
598 2476 941 2538 verborum
978 2476 1243 2536 formula
1280 2478 1731 2560 Imperatorem
1768 2494 2020 2535 excom-

325 2568 685 2625 municavit.
777 2569 1130 2648 Imperotor
1164 2563 1242 2624 ad
1278 2563 1425 2624 haec
1462 2563 1842 2646 indignatus,
1873 2582 2018 2620 cum

332 2667 536 2716 tamen
575 2655 819 2715 videret
863 2653 1204 2713 multorum
1246 2654 1602 2738 principum
1648 2665 1710 2712 et
1767 2651 2021 2732 Episco-

330 2764 561 2825 porum
604 2745 838 2804 animos
872 2742 934 2800 in
971 2745 1064 2801 sui
1106 2744 1450 2823 perniciem
1487 2739 1773 2812 tendere,
1809 2758 2016 2818 neque

334 2831 647 2913 potentiae
703 2828 1179 2914 conjuratorum
1230 2833 1518 2890 resistere
1567 2849 1775 2913 posse,
1824 2822 2021 2884 fidelis

333 2919 638 2981 Ecclesiae
674 2917 836 2979 filius
867 2919 1251 3005 Imperator,
1285 2942 1318 2976 a
1352 2919 1474 2979 suis
1516 2916 1823 2986 deserum,
1867 2934 2021 2995 pru-

303 3005 507 3068 ‘denti
553 3008 824 3070 Consilio
870 3021 939 3074 ut
975 3011 1035 3066 in
1073 3009 1334 3089 gratiam
1395 3027 1539 3065 cum
1579 2998 1877 3063 Pontifice
1922 3021 2027 3059 re-

1723 3089 1886 3150 diret
1910 3132 1926 3161 ,
