2097 3726
397 221 515 277 128
785 218 1388 275 IIistoria

289 391 503 465 thum,
575 389 741 449 filiae
799 388 931 474 ejus
980 396 1224 477 nuptias
1281 407 1539 478 petenS,
1617 395 1703 476 a)
1768 393 1979 455 infami

288 480 624 540 calliditate
671 482 1103 541 circumvenit.
1163 482 1620 543 Alexandrinos
1668 483 1752 543 ob
1791 506 1983 565 quae-

284 570 429 630 dam
488 568 725 630 liberae
789 568 994 642 dicta,
1073 593 1295 652 magna
1356 586 1560 652 strage
1625 572 1982 652 mulctavit3

284 680 486 742 quare
528 657 816 716 omnibus
851 661 1123 734 invisus,
1173 683 1363 744 opera
1405 664 1692 718 Macrini
1746 682 1986 720 succes-

282 747 476 808 soris.
527 768 562 803 a
602 749 917 805 ,Martiale
960 748 1342 809 Centurione
1367 795 1383 824 ,
1432 752 1704 832 pugione
1742 748 1985 809 confos-

280 857 417 909 sus,
478 837 544 892 in
590 833 1036 916 Mesopotamia
1078 835 1374 897 occubuit
1427 860 1589 897 anno
1635 839 1886 918 imperii
1925 840 1980 900 6.

282 925 497 985 aetatis
531 944 685 982 vero
731 924 829 983 29.
868 937 930 982 et
953 946 1002 982 a.
1035 921 1178 983 Chr.
1221 929 1365 986 217.
1406 925 1484 1004 b)
1531 961 1615 971 --
1650 925 1823 986 Nihil
1852 948 1984 987 me-

279 1012 481 1074 moria
517 1010 816 1092 dignum,
878 1026 1127 1094 praeter
1173 1012 1470 1074 Thermas
1522 1014 1980 1074 Antoninianas

282 1101 475 1162 dictas
514 1099 788 1181 reliquit.
836 1100 995 1160 Item
1037 1099 1482 1162 documentum
1529 1102 1734 1177 dedit,
1792 1126 1980 1184 quam

280 1188 474 1250 infida
508 1190 588 1247 sit
639 1189 819 1271 regni
858 1192 1130 1249 societas.
1179 1190 1316 1250 Hoc
1354 1205 1637 1274 tempore
1676 1188 1985 1269 Zephyri-

280 1301 398 1338 nus
451 1276 740 1337 Pontifex
766 1322 782 1352 ,
841 1277 1091 1361 publico
1136 1276 1433 1353 decretO,
1501 1279 1580 1339 de
1624 1283 1984 1340 anniversa-

280 1370 379 1427 ria
417 1366 903 1426 Sacro-Sanctae
933 1364 1353 1426 Eucharistiae
1394 1371 1830 1429 communione
1857 1372 1985 1428 cir-

281 1478 352 1516 ca
386 1452 652 1529 Pascha,
699 1452 1112 1515 Christianam
1154 1459 1449 1539 pietatem
1489 1455 1783 1516 accendit.

465 1564 563 1609 21·
640 1545 975 1602 Macrinus
1021 1548 1316 1621 Opeliu8‚
1364 1544 1733 1605 interfector
1781 1547 1985 1602 Cara-

281 1634 522 1707 callae‚
583 1629 1015 1693 fraudulenter
1065 1656 1101 1691 a
1152 1633 1457 1692 militibus
1518 1630 1596 1691 ad
1635 1635 1983 1716 'imperium

279 1719 576 1804 pervenit
623 1732 694 1778 ut
731 1722 1007 1778 Maurus
1028 1744 1057 1792 ;
1108 1723 1219 1801 qui
1267 1720 1414 1781 licet
1445 1720 1522 1779 ad
1568 1742 1742 1803 spem
1786 1723 1984 1804 impe-

283 1810 367 1868 rii
421 1805 790 1866 firmandam
855 1810 1042 1867 etiam
1094 1808 1296 1867 filium
1352 1813 1821 1869 Diadumenum
1867 1831 1986 1892 pu·-

282 1918 463 1958 erum
521 1897 586 1953 in
631 1895 946 1978 Collegam
987 1900 1377 1973 assumserit,
1445 1898 1518 1977 c)
1568 1912 1772 1957 tamen
1813 1897 1984 1955 mili-

283 1999 376 2046 tes
427 1985 702 2045 severius
756 1984 1113 2058 tractando,
1176 2009 1303 2046 non
1369 1985 1525 2047 adeo
1571 1984 1812 2046 felicem
1863 2008 1985 2069 pu-

282 2096 466 2157 gnam
522 2095 666 2132 cum
722 2075 1051 2131 Artabano
1118 2077 1334 2149 inivit,
1402 2073 1482 2152 d)
1546 2076 1657 2156 qui
1707 2076 1893 2133 etiam
1946 2097 1982 2130 a

283 2161 584 2222 militibus
619 2161 1070 2222 rebellantibus
1109 2186 1233 2221 una
1269 2185 1414 2224 cum
1448 2162 1578 2221 filio
1620 2183 1762 2235 su0‚
1811 2176 1983 2244 post-

281 2273 473 2333 quam
496 2272 621 2310 uno
643 2273 805 2309 anno
830 2296 845 2324 ,
877 2265 939 2310 et
975 2252 1217 2312 duobus
1244 2251 1561 2312 mensibus
1603 2251 1982 2331 regnavisset

283 2340 518 2399 occisus
562 2353 650 2398 est
690 2341 958 2399 factione
991 2343 1350 2419 Eliogczba'li
1371 2355 1434 2400 et
1465 2340 1854 2397 Euticlzicmi.
1901 2338 1978 2414 e)

464 2447 564 2486 22.
619 2430 692 2485 V
682 2431 859 2485 arius
893 2428 1126 2487 Auitus
1167 2430 1660 2509 Heliogabalus,
1705 2439 1879 2486 antea
1913 2429 1978 2485 in

283 2514 465 2576 Urbe
503 2517 783 2595 Elgabal
816 2514 974 2576 Solis
1024 2518 1323 2579 Sacerdos
1348 2565 1364 2595 ‚
1427 2516 1514 2596 f)
1576 2538 1763 2600 quem
1739 2535 1976 2660 jaeso

420 2653 425 2659 f
1819 2625 1890 2659 α-

361 2727 400 2760 a
474 2702 638 2758 Idem.
678 2707 811 2759 ibid.
849 2727 892 2760 c.
930 2706 1010 2760 18.
1049 2727 1157 2779 seq.
1206 2708 1426 2778 Xiphil.
1466 2710 1530 2765 L.
1572 2705 1652 2758 78.
1690 2703 1759 2772 h)
1797 2704 1976 2754 Hero—

426 2777 571 2829 dian.
618 2779 682 2832 L.
722 2777 768 2828 4.
824 2798 866 2829 c.
902 2776 988 2828 24.
1029 2798 1140 2849 seq.
1179 2779 1455 2849 Spartian.
1512 2798 1561 2834 c.
1605 2778 1651 2829 7.
1704 2776 1769 2845 c)
1807 2773 1975 2823 Lam-

422 2848 664 2918 pridius,
704 2849 799 2918 qui
832 2850 998 2900 vitam
1030 2849 1355 2918 Diadumeni
1391 2848 1626 2917 scripsit.
1663 2848 1812 2895 item.
1845 2844 1971 2899 Dio.

423 2921 566 2970 Cass,
605 2928 659 2970 et
703 2919 1044 2989 Xipbilinus,
1101 2921 1163 2972 L.
1197 2918 1277 2971 78.
1330 2918 1643 2987 Eutropius,
1702 2915 1763 2975 L,
1805 2912 1854 2965 8.
1897 2913 1969 2976 cl)

425 2988 724 3041 Herodian.
777 2990 839 3041 L.
874 2987 923 3041 4.
966 3009 1013 3044 c.
1057 2987 1322 3042 18.-20.
1358 2987 1632 3053 Xiphilin.
1670 2985 1731 3035 L.
1769 2982 1850 3036 78.
1904 2982 1969 3052 e)

423 3059 772 3128 Lampridius
811 3070 865 3110 et
896 3058 1115 3129 Xiphil.
1143 3059 1245 3112 loc.
1280 3056 1472 3129 cit.f)
1514 3054 1851 3123 Heliogabali
1887 3054 1970 3102 vi·-

420 3137 533 3180 tam
563 3130 796 3202 scripsit,
828 3128 944 3182 Ael.
976 3128 1325 3199 Lampridius
1343 3167 1359 3195 ‚
1396 3139 1449 3181 et
1467 3128 1808 3180 Herodianus
1837 3126 1898 3176 L.
1919 3125 1967 3177 5.
