2097 3726
428 215 556 275 550
893 217 1201 275 Historia
1234 217 1497 293 Imperii

339 403 448 457 est.
541 392 688 452 Post
737 398 1006 453 mortem
1049 414 1205 454 vero
1257 392 1574 474 Augustae
1616 394 1830 453 matris
1882 395 2033 454 Ma*

277 528 280 531 .
339 482 480 538 riae
542 481 873 538 leeresiae
919 479 1056 564 jure
1099 479 1515 541 haereditario
1554 479 1816 542 ditiones
1869 482 2034 541 obti-

334 588 525 640 nem,
571 589 723 627 mox
764 580 956 628 totam
1008 569 1137 630 fere
1172 566 1572 630 Monarchiae
1617 568 1882 629 formam
1927 570 2037 629 ali-

338 678 438 715 am
476 676 596 739 pro
647 677 885 715 summa
947 679 1054 717 sua
1099 659 1398 741 sapientia
1455 657 1750 722 inducere
1802 660 2034 741 cogita-

337 743 482 804 bat:
516 740 660 803 hinc
699 744 814 804 alia
862 744 1113 805 inducta
1151 759 1241 806 est
1280 747 1770 806 Dicasteriorum
1806 747 2032 806 consti-

335 832 530 907 tutio,
575 831 692 891 alia
748 834 1099 894 educandae
1163 831 1505 915 juventutis
1553 848 1680 893 tam
1733 834 2030 895 secularis

338 943 529 1003 quam
570 919 1027 984 Ecclesiasticae
1066 923 1262 994 ratiO,
1317 922 1436 982 alia
1479 922 1871 982 Judiciorum
1904 921 2030 983 for—

335 1030 438 1068 ma
477 1022 540 1069 et
579 1011 1043 1092 provinciarum
1076 1007 1477 1072 com-dinatio.
1526 1010 1865 1072 Decretum
1910 1012 2035 1070 To-

334 1097 638 1158 lerantiae
692 1099 1117 1180 publicatum,
1165 1097 1417 1159 libertas
1480 1121 1778 1161 censurae
1814 1113 1876 1160 et
1911 1099 2036 1180 Ty-

339 1184 721 1271 pographiae
770 1186 1039 1246 inducta.
1132 1188 1405 1247 Potestas
1434 1188 1824 1248 Nunciorum
1858 1188 2036 1270 Apo-

338 1274 705 1334 stolicorum
749 1275 1027 1336 limitata.
1120 1276 1292 1348 Quae
1334 1298 1550 1336 rerum
1579 1279 1842 1336 mutatio
1890 1275 2036 1334 hre-

339 1364 407 1422 vi
452 1366 659 1423 varios
708 1362 1035 1424 hominum
1080 1385 1290 1424 sensus
1329 1378 1470 1447 post
1515 1387 1579 1425 se
1623 1367 1847 1439 traxit3
1893 1365 2034 1422 uni-

340 1453 576 1511 versim
626 1454 794 1512 enim
847 1468 1051 1513 metus
1084 1467 1251 1527 erat,
1283 1474 1362 1512 ne
1403 1454 1708 1530 Josephus
1747 1453 2033 1511 maximis

342 1541 528 1600 etiam
567 1540 756 1601 rebus
800 1541 1086 1624 gerendis
1124 1543 1363 1600 animos
1399 1543 1641 1624 capiat,
1686 1539 1858 1623 cujus
1893 1561 2037 1600 cau-

336 1647 402 1687 sa
448 1629 649 1711 ipsum
685 1632 866 1690 etiam
910 1632 1259 1690 Romanum
1294 1628 1658 1690 Pontificem
1687 1633 1872 1689 Pium
1916 1632 1988 1688 V
1982 1631 2034 1694 I.

346 1719 628 1775 Viennae
675 1718 967 1779 Austriae
1006 1721 1334 1802 Hospitem
1372 1715 1602 1779 hahuit.
1669 1719 1794 1777 An.
1848 1721 2033 1777 1782.

339 1805 637 1864 Ceterum
683 1809 984 1883 ,Iosephus
1045 1807 1321 1867 felicitati
1380 1807 1756 1890 populorum
1813 1827 2035 1865 consu-

340 1890 508 1952 lendi
547 1893 752 1954 studio
776 1940 793 1969 ,
829 1899 1126 1955 maximas
1155 1898 1528 1955 mutationes
1574 1895 1901 1968 inducenS,
1940 1895 2035 1977 ip·-

339 2001 407 2039 se
457 1995 664 2041 tamen
741 2004 858 2065 pro
924 2006 1215 2068 suprema
1271 2006 1377 2042 sua
1432 1985 1816 2045 institutione
1866 1981 2036 2040 domi

341 2081 405 2127 et
455 2068 604 2128 foris
647 2071 775 2131 sine
825 2095 1085 2156 pompa,
1127 2075 1257 2131 sine
1303 2072 1736 2132 Ministrorum
1777 2073 2036 2130 comita-

332 2169 445 2232 ω,
490 2180 698 2217 mensa
739 2162 922 2218 etiam
962 2176 1024 2221 et
1069 2163 1293 2220 vestitu
1343 2163 1659 2218 communi
1726 2181 1867 2219 usus
1926 2171 2031 2218 est.

341 2246 587 2317 Quanta
644 2262 849 2308 autem
907 2249 1232 2309 clementia
1280 2262 1414 2308 erat
1453 2247 1766 2330 praeditus
1797 2293 1812 2320 ,
1879 2246 2034 2305 facta

344 2348 685 2395 testantur:
731 2359 876 2396 nam
929 2339 1139 2420 quivis
1192 2336 1268 2394 ad
1317 2358 1458 2396 eum
1499 2337 1771 2396 liberum
1822 2357 2030 2395 acces-

341 2443 478 2482 sum
526 2422 780 2499 habuit,
804 2447 929 2485 non
977 2441 1047 2485 ut
1091 2424 1370 2484 subditus
1407 2425 1483 2484 ad
1520 2427 1854 2485 Dominum
1880 2470 1895 2497 ,
1928 2422 2032 2483 sed

342 2525 665 2594 tamquam
716 2512 875 2574 filius
928 2514 1007 2573 ad
1053 2527 1334 2596 patrem,
1381 2536 1508 2596 quo
1554 2514 1714 2574 facto
1769 2511 2031 2572 multum

343 2621 423 2660 ex
468 2621 580 2660 suo
622 2603 684 2660 in
724 2624 1026 2685 pauperes
1068 2624 1361 2684 e1²ogan8‚
1410 2602 1590 2660 simul
1642 2615 1864 2662 statum
1911 2604 2035 2659 Im-

344 2690 508 2771 perii
556 2691 873 2750 internum
913 2693 1145 2774 optime
1194 2693 1463 2750 rescivit.
1556 2693 1722 2751 Hinc
1763 2690 2033 2773 justitiae

345 2790 410 2835 et
453 2780 778 2859 aequitatis
849 2779 1082 2861 rigidus
1151 2794 1395 2852 custOS‚
1461 2801 1709 2840 omnem
1767 2799 2036 2862 praepo-

347 2867 610 2924 tentiam
665 2879 726 2926 et
787 2869 1040 2943 abmm,
1089 2871 1237 2928 item
1304 2866 1624 2928 debilioris
1683 2870 1874 2951 partis
1922 2887 2034 2947 op-

348 2955 733 3035 pressionem
785 2978 854 3015 ac
892 2960 1167 3017 muneris
1225 2958 1710 3040 acceptationem
1760 2955 2038 3037 graviter

353 3043 617 3124 punivit.
665 3043 764 3103 Ad
813 3043 961 3106 haec
1010 3044 1197 3108 semel
1244 3067 1384 3106 cum
1443 3043 1661 3104 Turcis
1712 3046 1772 3103 in
1823 3040 2036 3101 foedoe

1783 3132 1945 3190 Rus-
