2097 3726
422 230 538 295 180
860 224 1468 280 Historia

327 403 424 475 vi,
472 402 536 457 in
580 394 956 480 disputando
993 397 1446 483 promtitudine
1471 445 1485 473 ,
1534 414 1596 460 et
1632 403 1694 458 in
1730 402 2017 461 Haeresi-

329 492 446 551 bus
479 483 914 571 profligandis,
993 490 1353 571 cumprimis
1395 486 1470 548 de
1509 492 1702 571 gratia
1744 510 2019 549 asseren-

327 577 408 637 da
433 622 449 653 ‚
511 574 842 648 felicitate,
923 578 1160 637 virtute
1227 578 1375 636 item
1441 576 1884 637 moderationis
1949 598 2020 636 ac

328 666 700 752 prudentiae
737 660 936 745 major
970 679 1033 724 et
1064 679 1500 725 ornamentum
1528 665 1832 725 Ecclesiae
1868 664 2022 741 fuit3

328 756 440 839 qui
491 752 642 812 dum
696 753 902 833 primo
946 752 1339 813 Manichaeus
1378 769 1565 828 esset,
1629 754 1919 836 precibus
1958 768 2022 813 et

330 839 663 924 lachrymis
700 841 992 899 Monicae
1028 843 1282 914 MatriS‚
1328 864 1397 901 ac
1433 864 1622 926 opera
1665 846 1725 900 S.
1761 844 2027 923 Ambro-

335 935 413 991 sii
448 949 784 990 conversus
811 974 826 1004 ‚
888 927 1159 1013 Collegia
1202 929 1530 990 doctorum
1576 927 1894 989 hominum
1933 933 2027 989 in-

308 1019 572 1092 stituit,
641 1016 871 1099 quibus
928 1038 1272 1079 successere
1337 1016 1669 1090 Monachi‚
1753 1041 1895 1076 nam
1956 1020 2029 1077 iis

337 1104 763 1191 temporibus,
831 1101 925 1163 his
989 1106 1051 1164 in
1098 1106 1277 1167 Urbe
1322 1105 1601 1166 habitare
1645 1128 1772 1165 non
1817 1107 2028 1166 licuit:

338 1209 529 1282 prout
562 1204 821 1254 testatur
870 1196 930 1251 S.
966 1195 1394 1271 Isieronymus
1429 1194 1504 1253 acl
1545 1198 1869 1253 Paulinum
1908 1193 2031 1259 his:

343 1289 402 1343 si
440 1285 614 1359 cupis
651 1304 783 1340 esse
817 1285 983 1359 quod
1015 1286 1240 1342 diceris
1276 1285 1660 1357 Monachus,
1707 1287 1777 1340 id
1806 1296 1899 1342 est
1937 1306 2036 1341 so·-

342 1377 474 1447 lu8‚
543 1373 698 1449 quid
717 1372 898 1445 facis
946 1374 1010 1428 in
1076 1373 1370 1447 Urbibus,
1439 1394 1599 1450 quae
1659 1375 1871 1449 utique
1917 1393 2039 1430 non

344 1473 492 1520 sunt
517 1464 785 1519 solorum
820 1460 1190 1519 habitacula
1226 1465 1336 1519 sed
1359 1465 1709 1519 multorum.
1745 1459 2034 1520 Tandem.

343 1550 404 1608 S.
448 1551 847 1626 Augustinus
900 1547 1160 1609 denatus
1219 1563 1309 1609 est
1367 1572 1461 1608 an.
1519 1550 1663 1608 450.
1747 1548 2044 1609 Ceterum

348 1650 738 1718 quantopere
774 1634 889 1694 sub
935 1639 1269 1696 Theodosio
1307 1641 1399 1697 M.
1454 1638 1578 1697 viri
1610 1635 1778 1695 docti
1824 1652 1884 1696 et
1936 1639 2044 1697 Li-

350 1738 520 1786 terae
558 1723 758 1783 cultae
803 1737 1010 1797 erant,
1073 1725 1430 1807 exemlpum
1493 1726 1815 1784 Theodosii
1865 1748 2046 1810 aper-

353 1827 417 1874 te
453 1810 714 1896 probat:
779 1810 863 1888 a)
910 1815 1019 1893 qui
1058 1817 1341 1887 Arcadio
1393 1813 1523 1873 filio
1563 1816 2046 1896 Praeceptorem

350 1901 730 1961 constituens
762 1901 1092 1958 Arseuium
1122 1903 1437 1961 Romanae
1476 1902 1778 1961 Ecclesiae
1815 1902 2046 1961 Diaco-

356 2010 548 2063 num,
596 1986 836 2060 eidem,
883 1988 1491 2071 Constantinopolim
1538 1987 1880 2063 secedenti,
1929 1988 2047 2048 fili-

358 2100 468 2137 um
500 2098 636 2136 sum
668 2076 947 2135 moribus
981 2090 1042 2135 et
1081 2078 1308 2139 Literis
1341 2076 1748 2137 imbuendum
1777 2079 1862 2136 sic
1897 2099 2049 2135 con—

358 2166 654 2247 signavit:
713 2167 865 2222 Post
900 2166 1023 2222 liae
1071 2177 1142 2223 tu
1189 2169 1311 2224 eris
1365 2169 1571 2243 magis
1621 2168 1815 2222 Pater
1865 2167 2003 2241 ejus
2032 2210 2050 2239 ,

362 2275 553 2332 quam
600 2274 744 2330 ego,
804 2252 1014 2334 (quod
1053 2253 1440 2336 praeclarum
1496 2267 1558 2313 et
1608 2274 1854 2336 semper
1899 2274 2052 2313 con-

362 2339 721 2403 sectandum
774 2340 1146 2401 Parentibus
1199 2340 1580 2424 exemplum!
1643 2344 1883 2401 utinam
1940 2364 2054 2402 no·-

364 2431 507 2489 stris
562 2449 815 2511 quoque
872 2430 1259 2512 temporibus
1311 2432 1774 2491 nancisceretur
1827 2432 2047 2489 Patro-

368 2516 541 2594 nos.)
587 2518 848 2577 Interim
885 2516 1024 2601 plus
1078 2517 1275 2577 adhuc
1315 2517 1514 2577 bonus
1562 2516 1661 2577 hic
1701 2519 2053 2601 Imperator

370 2607 634 2688 posteris
669 2607 1058 2687 consignavit
1095 2608 1337 2690 pietatis
1369 2629 1514 2689 erga
1553 2608 1883 2689 Magistros
1923 2609 2053 2665 Sci-

369 2696 676 2754 entiarum
712 2694 1098 2777 exemplum3
1135 2718 1349 2777 quum,
1376 2696 1669 2755 continuo
1702 2709 2058 2755 consectan-

372 2779 454 2841 do
494 2782 992 2865 Imperatoribus
1032 2783 1331 2867 vestigio!
1379 2781 1640 2864 quadam
1679 2785 1816 2842 vice
1859 2781 2052 2842 Scho-

368 2869 457 2930 las
492 2869 770 2955 publicas
810 2891 929 2956 pro
969 2893 1148 2934 more
1196 2895 1307 2934 suo
1354 2869 1540 2949 (haud
1586 2869 1722 2931 aliis
1770 2874 2059 2936 commis-2

1858 2962 1968 3041 so)

371 3045 690 3066 *un——

444 3126 518 3199 a)
556 3128 834 3185 Baronius.
865 3131 931 3185 ad
976 3149 1064 3189 an.
1092 3130 1193 3187 Ch.
1233 3127 1353 3182 383.
