<?xml version="1.0" encoding="UTF-8"?>
<!DOCTYPE html PUBLIC "-//W3C//DTD XHTML 1.0 Transitional//EN"
    "http://www.w3.org/TR/xhtml1/DTD/xhtml1-transitional.dtd">
<html xmlns="http://www.w3.org/1999/xhtml" xml:lang="en" lang="en">
 <head>
  <title>
</title>
<meta http-equiv="Content-Type" content="text/html;charset=utf-8" />
  <meta name='ocr-system' content='tesseract 3.04.00' />
  <meta name='ocr-capabilities' content='ocr_page ocr_carea ocr_par ocr_line ocrx_word'/>
</head>
<body>
  <div class='ocr_page' id='page_1' title='image "./historiauniversa02nagy_0437.png"; bbox 0 0 2097 3726; ppageno 0'>
   <div class='ocr_carea' id='block_1_1' title="bbox 534 137 1644 219">
    <p class='ocr_par' dir='ltr' id='par_1_1' title="bbox 534 137 1644 219">
     <span class='ocr_line' id='line_1_1' title="bbox 534 137 1644 219; baseline -0.002 -19"><span class='ocrx_word' id='word_1_1' title='bbox 534 142 818 200; x_wconf 79' lang='lat' dir='ltr'><strong>Romano</strong></span> <span class='ocrx_word' id='word_1_2' title='bbox 864 137 1245 198; x_wconf 78' lang='lat' dir='ltr'><strong>Germanici.</strong></span> <span class='ocrx_word' id='word_1_3' title='bbox 1520 141 1644 219; x_wconf 72' lang='lat'><strong>417</strong></span> 
     </span>
    </p>
   </div>
   <div class='ocr_carea' id='block_1_2' title="bbox 30 311 1748 1291">
    <p class='ocr_par' dir='ltr' id='par_1_2' title="bbox 30 311 1748 1291">
     <span class='ocr_line' id='line_1_2' title="bbox 30 311 1745 396; baseline -0.002 -18"><span class='ocrx_word' id='word_1_4' title='bbox 30 318 418 378; x_wconf 71' lang='lat' dir='ltr'><strong>Rainalslam</strong></span> <span class='ocrx_word' id='word_1_5' title='bbox 487 314 712 378; x_wconf 84' lang='lat' dir='ltr'><strong>ducem</strong></span> <span class='ocrx_word' id='word_1_6' title='bbox 773 314 1130 392; x_wconf 83' lang='lat' dir='ltr'><strong>constituit3</strong></span> <span class='ocrx_word' id='word_1_7' title='bbox 1200 311 1308 376; x_wconf 87' lang='lat' dir='ltr'><strong>sed</strong></span> <span class='ocrx_word' id='word_1_8' title='bbox 1355 315 1745 396; x_wconf 79' lang='lat' dir='ltr'><strong>Imperatore</strong></span> 
     </span>
     <span class='ocr_line' id='line_1_3' title="bbox 39 402 1745 484; baseline -0.002 -19"><span class='ocrx_word' id='word_1_9' title='bbox 39 406 296 468; x_wconf 89' lang='lat' dir='ltr'><strong>domum</strong></span> <span class='ocrx_word' id='word_1_10' title='bbox 345 427 636 481; x_wconf 82' lang='lat' dir='ltr'><strong>reverso,</strong></span> <span class='ocrx_word' id='word_1_11' title='bbox 700 402 878 465; x_wconf 85' lang='lat' dir='ltr'><strong>facile</strong></span> <span class='ocrx_word' id='word_1_12' title='bbox 921 406 1239 484; x_wconf 79' lang='lat' dir='ltr'><strong>Rogerius</strong></span> <span class='ocrx_word' id='word_1_13' title='bbox 1294 403 1515 463; x_wconf 86' lang='lat' dir='ltr'><strong>amissa</strong></span> <span class='ocrx_word' id='word_1_14' title='bbox 1563 424 1745 464; x_wconf 88' lang='lat' dir='ltr'><strong>recu-</strong></span> 
     </span>
     <span class='ocr_line' id='line_1_4' title="bbox 36 488 1743 579; baseline -0.002 -24"><span class='ocrx_word' id='word_1_15' title='bbox 36 497 314 579; x_wconf 84' lang='lat' dir='ltr'><strong>peravit,</strong></span> <span class='ocrx_word' id='word_1_16' title='bbox 364 495 446 574; x_wconf 83' lang='lat' dir='ltr'><strong>a)</strong></span> <span class='ocrx_word' id='word_1_17' title='bbox 495 495 789 577; x_wconf 83' lang='lat' dir='ltr'><strong>quoniam</strong></span> <span class='ocrx_word' id='word_1_18' title='bbox 826 496 1177 578; x_wconf 84' lang='lat' dir='ltr'>Imperator</span> <span class='ocrx_word' id='word_1_19' title='bbox 1210 495 1276 552; x_wconf 92' lang='lat' dir='ltr'><strong>in</strong></span> <span class='ocrx_word' id='word_1_20' title='bbox 1321 488 1530 553; x_wconf 84' lang='lat' dir='ltr'><strong>reditu</strong></span> <span class='ocrx_word' id='word_1_21' title='bbox 1570 512 1743 552; x_wconf 82' lang='lat' dir='ltr'><strong>mor-</strong></span> 
     </span>
     <span class='ocr_line' id='line_1_5' title="bbox 37 580 1746 666; baseline -0.003 -22"><span class='ocrx_word' id='word_1_22' title='bbox 37 585 120 644; x_wconf 91' lang='lat' dir='ltr'><strong>bo</strong></span> <span class='ocrx_word' id='word_1_23' title='bbox 156 600 487 666; x_wconf 85' lang='lat' dir='ltr'><strong>correptus</strong></span> <span class='ocrx_word' id='word_1_24' title='bbox 536 605 585 641; x_wconf 83' lang='lat' dir='ltr'><strong>a.</strong></span> <span class='ocrx_word' id='word_1_25' title='bbox 639 585 825 644; x_wconf 82' lang='lat'>1157.</span> <span class='ocrx_word' id='word_1_26' title='bbox 865 584 921 645; x_wconf 90' lang='grc'><strong>6.</strong></span> <span class='ocrx_word' id='word_1_27' title='bbox 965 580 1259 643; x_wconf 90' lang='lat' dir='ltr'><strong>Decemb.</strong></span> <span class='ocrx_word' id='word_1_28' title='bbox 1298 590 1581 640; x_wconf 86' lang='lat' dir='ltr'><strong>mortuus</strong></span> <span class='ocrx_word' id='word_1_29' title='bbox 1623 593 1746 655; x_wconf 89' lang='lat' dir='ltr'><strong>est,</strong></span> 
     </span>
     <span class='ocr_line' id='line_1_6' title="bbox 35 672 1745 754; baseline -0.002 -22"><span class='ocrx_word' id='word_1_30' title='bbox 35 674 251 733; x_wconf 79' lang='lat' dir='ltr'><strong>aetatis</strong></span> <span class='ocrx_word' id='word_1_31' title='bbox 309 672 409 751; x_wconf 81' lang='lat'><strong>67.</strong></span> <span class='ocrx_word' id='word_1_32' title='bbox 467 673 759 754; x_wconf 81' lang='lat' dir='ltr'><strong>imperii,</strong></span> <span class='ocrx_word' id='word_1_33' title='bbox 826 673 922 733; x_wconf 79' lang='lat'><strong>15.</strong></span> <span class='ocrx_word' id='word_1_34' title='bbox 977 673 1272 732; x_wconf 88' lang='lat' dir='ltr'><strong>Ceterum</strong></span> <span class='ocrx_word' id='word_1_35' title='bbox 1321 690 1397 730; x_wconf 95' lang='lat' dir='ltr'><strong>eo</strong></span> <span class='ocrx_word' id='word_1_36' title='bbox 1443 683 1745 751; x_wconf 82' lang='lat' dir='ltr'><strong>regnante</strong></span> 
     </span>
     <span class='ocr_line' id='line_1_7' title="bbox 36 756 1744 840; baseline -0.001 -21"><span class='ocrx_word' id='word_1_37' title='bbox 36 760 113 819; x_wconf 81' lang='lat' dir='ltr'><strong>ad</strong></span> <span class='ocrx_word' id='word_1_38' title='bbox 179 783 232 820; x_wconf 81' lang='lat' dir='ltr'><strong>a.</strong></span> <span class='ocrx_word' id='word_1_39' title='bbox 305 761 489 822; x_wconf 82' lang='lat'>1155.</span> <span class='ocrx_word' id='word_1_40' title='bbox 557 772 764 820; x_wconf 84' lang='lat' dir='ltr'><strong>tantus</strong></span> <span class='ocrx_word' id='word_1_41' title='bbox 818 758 939 819; x_wconf 86' lang='lat' dir='ltr'><strong>fuit</strong></span> <span class='ocrx_word' id='word_1_42' title='bbox 994 773 1232 836; x_wconf 77' lang='lat' dir='ltr'><strong>aestUS,</strong></span> <span class='ocrx_word' id='word_1_43' title='bbox 1336 771 1409 816; x_wconf 91' lang='lat' dir='ltr'><strong>ut</strong></span> <span class='ocrx_word' id='word_1_44' title='bbox 1456 756 1744 840; x_wconf 81' lang='lat' dir='ltr'><strong>frugibus</strong></span> 
     </span>
     <span class='ocr_line' id='line_1_8' title="bbox 36 845 1748 929; baseline -0.003 -19"><span class='ocrx_word' id='word_1_45' title='bbox 36 851 329 910; x_wconf 85' lang='lat' dir='ltr'><strong>omnibus</strong></span> <span class='ocrx_word' id='word_1_46' title='bbox 366 851 716 923; x_wconf 78' lang='lat' dir='ltr'>exsiccatis,</span> <span class='ocrx_word' id='word_1_47' title='bbox 784 848 987 909; x_wconf 84' lang='lat' dir='ltr'><strong>valida</strong></span> <span class='ocrx_word' id='word_1_48' title='bbox 1024 848 1214 909; x_wconf 86' lang='lat' dir='ltr'><strong>fames</strong></span> <span class='ocrx_word' id='word_1_49' title='bbox 1252 847 1557 907; x_wconf 86' lang='lat' dir='ltr'><strong>oriretur:</strong></span> <span class='ocrx_word' id='word_1_50' title='bbox 1623 845 1748 929; x_wconf 85' lang='lat' dir='ltr'><strong>syl·</strong></span> 
     </span>
     <span class='ocr_line' id='line_1_9' title="bbox 39 936 1746 1013; baseline -0.002 -17"><span class='ocrx_word' id='word_1_51' title='bbox 39 959 156 997; x_wconf 80' lang='lat' dir='ltr'><strong>vae</strong></span> <span class='ocrx_word' id='word_1_52' title='bbox 201 953 526 1013; x_wconf 83' lang='lat' dir='ltr'><strong>arserunt,</strong></span> <span class='ocrx_word' id='word_1_53' title='bbox 590 936 847 999; x_wconf 82' lang='lat' dir='ltr'><strong>Rhenus</strong></span> <span class='ocrx_word' id='word_1_54' title='bbox 907 940 988 998; x_wconf 82' lang='lat' dir='ltr'><strong>ita</strong></span> <span class='ocrx_word' id='word_1_55' title='bbox 1043 939 1382 999; x_wconf 81' lang='lat' dir='ltr'><strong>exsiccatus</strong></span> <span class='ocrx_word' id='word_1_56' title='bbox 1439 936 1593 1009; x_wconf 82' lang='lat' dir='ltr'><strong>fuit,</strong></span> <span class='ocrx_word' id='word_1_57' title='bbox 1674 949 1746 994; x_wconf 87' lang='lat' dir='ltr'><strong>ut</strong></span> 
     </span>
     <span class='ocr_line' id='line_1_10' title="bbox 39 1024 1745 1111; baseline -0.002 -26"><span class='ocrx_word' id='word_1_58' title='bbox 39 1026 242 1086; x_wconf 82' lang='lat' dir='ltr'><strong>ubivis</strong></span> <span class='ocrx_word' id='word_1_59' title='bbox 298 1029 429 1086; x_wconf 86' lang='lat' dir='ltr'><strong>sine</strong></span> <span class='ocrx_word' id='word_1_60' title='bbox 482 1027 759 1110; x_wconf 82' lang='lat' dir='ltr'><strong>periculo</strong></span> <span class='ocrx_word' id='word_1_61' title='bbox 820 1025 1086 1111; x_wconf 86' lang='lat' dir='ltr'><strong>pedibus</strong></span> <span class='ocrx_word' id='word_1_62' title='bbox 1139 1024 1394 1085; x_wconf 84' lang='lat' dir='ltr'><strong>transiri</strong></span> <span class='ocrx_word' id='word_1_63' title='bbox 1447 1025 1745 1107; x_wconf 88' lang='lat' dir='ltr'><strong>potuerit.</strong></span> 
     </span>
     <span class='ocr_line' id='line_1_11' title="bbox 41 1114 1747 1199; baseline -0.001 -25"><span class='ocrx_word' id='word_1_64' title='bbox 41 1115 271 1175; x_wconf 88' lang='lat' dir='ltr'><strong>Similis</strong></span> <span class='ocrx_word' id='word_1_65' title='bbox 320 1130 382 1177; x_wconf 87' lang='lat' dir='ltr'><strong>et</strong></span> <span class='ocrx_word' id='word_1_66' title='bbox 425 1115 705 1176; x_wconf 81' lang='lat' dir='ltr'><strong>inaudita</strong></span> <span class='ocrx_word' id='word_1_67' title='bbox 740 1118 972 1177; x_wconf 84' lang='lat' dir='ltr'>siccitas</span> <span class='ocrx_word' id='word_1_68' title='bbox 1014 1114 1136 1175; x_wconf 87' lang='lat' dir='ltr'><strong>fuit</strong></span> <span class='ocrx_word' id='word_1_69' title='bbox 1174 1127 1238 1176; x_wconf 86' lang='lat' dir='ltr'><strong>et</strong></span> <span class='ocrx_word' id='word_1_70' title='bbox 1279 1136 1329 1173; x_wconf 86' lang='lat' dir='ltr'><strong>a.</strong></span> <span class='ocrx_word' id='word_1_71' title='bbox 1377 1115 1564 1175; x_wconf 80' lang='lat'><strong>1157.</strong></span> <span class='ocrx_word' id='word_1_72' title='bbox 1616 1136 1747 1199; x_wconf 84' lang='lat' dir='ltr'><strong>qua</strong></span> 
     </span>
     <span class='ocr_line' id='line_1_12' title="bbox 35 1203 1196 1291; baseline 0 -29"><span class='ocrx_word' id='word_1_73' title='bbox 35 1203 291 1289; x_wconf 85' lang='lat' dir='ltr'><strong>plurimi</strong></span> <span class='ocrx_word' id='word_1_74' title='bbox 336 1203 618 1267; x_wconf 87' lang='lat' dir='ltr'><strong>homines</strong></span> <span class='ocrx_word' id='word_1_75' title='bbox 663 1208 764 1265; x_wconf 86' lang='lat' dir='ltr'><strong>siti</strong></span> <span class='ocrx_word' id='word_1_76' title='bbox 809 1207 1196 1291; x_wconf 85' lang='lat' dir='ltr'><strong>periverunt.</strong></span> 
     </span>
    </p>
   </div>
   <div class='ocr_carea' id='block_1_3' title="bbox 263 1401 1520 1501">
    <p class='ocr_par' dir='ltr' id='par_1_3' title="bbox 263 1401 1520 1501">
     <span class='ocr_line' id='line_1_13' title="bbox 263 1401 1520 1501; baseline -0.001 -28"><span class='ocrx_word' id='word_1_77' title='bbox 263 1406 763 1501; x_wconf 80' lang='lat' dir='ltr'><strong>Imperatores</strong></span> <span class='ocrx_word' id='word_1_78' title='bbox 802 1429 842 1473; x_wconf 93' lang='lat' dir='ltr'><strong>e</strong></span> <span class='ocrx_word' id='word_1_79' title='bbox 893 1406 1134 1474; x_wconf 86' lang='lat' dir='ltr'><strong>Domo</strong></span> <span class='ocrx_word' id='word_1_80' title='bbox 1178 1401 1520 1474; x_wconf 84' lang='lat' dir='ltr'><strong>Svevica.</strong></span> 
     </span>
    </p>
   </div>
   <div class='ocr_carea' id='block_1_4' title="bbox 0 1579 1766 2816">
    <p class='ocr_par' dir='ltr' id='par_1_4' title="bbox 44 1579 1763 2367">
     <span class='ocr_line' id='line_1_14' title="bbox 222 1579 1752 1664; baseline 0.001 -24"><span class='ocrx_word' id='word_1_81' title='bbox 222 1581 364 1640; x_wconf 90' lang='lat' dir='ltr'><strong>XX.</strong></span> <span class='ocrx_word' id='word_1_82' title='bbox 441 1580 759 1636; x_wconf 72' lang='lat' dir='ltr'><strong>Conradas</strong></span> <span class='ocrx_word' id='word_1_83' title='bbox 806 1582 852 1636; x_wconf 94' lang='lat' dir='ltr'><em>I</em></span> <span class='ocrx_word' id='word_1_84' title='bbox 855 1581 936 1637; x_wconf 86' lang='lat' dir='ltr'><strong>II.</strong></span> <span class='ocrx_word' id='word_1_85' title='bbox 988 1593 1164 1664; x_wconf 82' lang='lat' dir='ltr'><strong>patre</strong></span> <span class='ocrx_word' id='word_1_86' title='bbox 1211 1584 1535 1642; x_wconf 80' lang='lat' dir='ltr'><strong>Friderico</strong></span> <span class='ocrx_word' id='word_1_87' title='bbox 1575 1579 1752 1642; x_wconf 85' lang='lat' dir='ltr'><strong>Duce</strong></span> 
     </span>
     <span class='ocr_line' id='line_1_15' title="bbox 46 1666 1753 1746; baseline -0.001 -15"><span class='ocrx_word' id='word_1_88' title='bbox 46 1671 344 1742; x_wconf 81' lang='lat' dir='ltr'><strong>Sveviae‚</strong></span> <span class='ocrx_word' id='word_1_89' title='bbox 409 1682 608 1727; x_wconf 81' lang='lat' dir='ltr'><strong>matre</strong></span> <span class='ocrx_word' id='word_1_90' title='bbox 645 1670 892 1744; x_wconf 77' lang='lat' dir='ltr'><strong>Agnete</strong></span> <span class='ocrx_word' id='word_1_91' title='bbox 929 1666 1050 1728; x_wconf 85' lang='lat' dir='ltr'><strong>filia</strong></span> <span class='ocrx_word' id='word_1_92' title='bbox 1088 1674 1359 1729; x_wconf 72' lang='lat' dir='ltr'><strong>Hearici</strong></span> <span class='ocrx_word' id='word_1_93' title='bbox 1400 1670 1505 1730; x_wconf 84' lang='lat' dir='ltr'><strong>IV.</strong></span> <span class='ocrx_word' id='word_1_94' title='bbox 1542 1683 1753 1746; x_wconf 64' lang='lat' dir='ltr'><strong>naum,</strong></span> 
     </span>
     <span class='ocr_line' id='line_1_16' title="bbox 47 1755 1754 1832; baseline -0.002 -13"><span class='ocrx_word' id='word_1_95' title='bbox 47 1780 314 1819; x_wconf 77' lang='lat' dir='ltr'><strong>uxorem</strong></span> <span class='ocrx_word' id='word_1_96' title='bbox 358 1755 573 1815; x_wconf 80' lang='lat' dir='ltr'><strong>habuit</strong></span> <span class='ocrx_word' id='word_1_97' title='bbox 634 1759 1000 1815; x_wconf 74' lang='lat' dir='ltr'><strong>Gertraclc&#39;m</strong></span> <span class='ocrx_word' id='word_1_98' title='bbox 1041 1759 1299 1819; x_wconf 87' lang='lat' dir='ltr'><strong>Comitis</strong></span> <span class='ocrx_word' id='word_1_99' title='bbox 1357 1760 1754 1832; x_wconf 76' lang='lat' dir='ltr'><strong>Sultzbaclzi‚</strong></span> 
     </span>
     <span class='ocr_line' id='line_1_17' title="bbox 44 1848 1758 1930; baseline -0.001 -22"><span class='ocrx_word' id='word_1_100' title='bbox 44 1848 275 1922; x_wconf 78' lang='lat' dir='ltr'><strong>filiam,</strong></span> <span class='ocrx_word' id='word_1_101' title='bbox 336 1868 413 1906; x_wconf 79' lang='lat' dir='ltr'><strong>ex</strong></span> <span class='ocrx_word' id='word_1_102' title='bbox 464 1867 588 1928; x_wconf 83' lang='lat' dir='ltr'><strong>qua</strong></span> <span class='ocrx_word' id='word_1_103' title='bbox 647 1849 918 1930; x_wconf 84' lang='lat' dir='ltr'><strong>suscepit</strong></span> <span class='ocrx_word' id='word_1_104' title='bbox 956 1849 1308 1919; x_wconf 71' lang='lat' dir='ltr'><strong>Hertz-icum</strong></span> <span class='ocrx_word' id='word_1_105' title='bbox 1356 1861 1418 1910; x_wconf 89' lang='lat' dir='ltr'><strong>et</strong></span> <span class='ocrx_word' id='word_1_106' title='bbox 1465 1850 1758 1908; x_wconf 78' lang='lat' dir='ltr'><strong>Frideri-</strong></span> 
     </span>
     <span class='ocr_line' id='line_1_18' title="bbox 46 1934 1759 2020; baseline 0.001 -23"><span class='ocrx_word' id='word_1_107' title='bbox 46 1959 227 2008; x_wconf 77' lang='lat' dir='ltr'><strong>cum,</strong></span> <span class='ocrx_word' id='word_1_108' title='bbox 295 1938 571 2020; x_wconf 82' lang='lat' dir='ltr'><strong>primum</strong></span> <span class='ocrx_word' id='word_1_109' title='bbox 612 1948 781 2018; x_wconf 86' lang='lat' dir='ltr'><strong>peste</strong></span> <span class='ocrx_word' id='word_1_110' title='bbox 808 1981 822 2009; x_wconf 83' lang='lat'>,</span> <span class='ocrx_word' id='word_1_111' title='bbox 886 1934 1153 1998; x_wconf 85' lang='lat' dir='ltr'><strong>alterum</strong></span> <span class='ocrx_word' id='word_1_112' title='bbox 1191 1936 1519 1998; x_wconf 88' lang='lat' dir='ltr'><strong>obsidione</strong></span> <span class='ocrx_word' id='word_1_113' title='bbox 1561 1936 1759 1999; x_wconf 87' lang='lat' dir='ltr'><strong>Urbis</strong></span> 
     </span>
     <span class='ocr_line' id='line_1_19' title="bbox 45 2022 1757 2087; baseline -0.002 0"><span class='ocrx_word' id='word_1_114' title='bbox 45 2027 287 2087; x_wconf 83' lang='lat' dir='ltr'><strong>Romae</strong></span> <span class='ocrx_word' id='word_1_115' title='bbox 334 2046 476 2084; x_wconf 83' lang='lat' dir='ltr'><strong>eum</strong></span> <span class='ocrx_word' id='word_1_116' title='bbox 514 2022 725 2083; x_wconf 88' lang='lat' dir='ltr'><strong>multis</strong></span> <span class='ocrx_word' id='word_1_117' title='bbox 764 2025 986 2085; x_wconf 81' lang='lat' dir='ltr'><strong>amisit.</strong></span> <span class='ocrx_word' id='word_1_118' title='bbox 1048 2026 1267 2087; x_wconf 85' lang='lat' dir='ltr'><strong>Filiam</strong></span> <span class='ocrx_word' id='word_1_119' title='bbox 1319 2023 1538 2087; x_wconf 83' lang='lat' dir='ltr'><strong>habuit</strong></span> <span class='ocrx_word' id='word_1_120' title='bbox 1575 2027 1757 2086; x_wconf 77' lang='lat' dir='ltr'><em>Jadi-</em></span> 
     </span>
     <span class='ocr_line' id='line_1_20' title="bbox 51 2112 1760 2199; baseline 0.001 -27"><span class='ocrx_word' id='word_1_121' title='bbox 51 2116 228 2172; x_wconf 76' lang='lat' dir='ltr'><strong>tham</strong></span> <span class='ocrx_word' id='word_1_122' title='bbox 292 2117 613 2173; x_wconf 74' lang='lat' dir='ltr'><strong>Ladom‘co</strong></span> <span class='ocrx_word' id='word_1_123' title='bbox 681 2112 1052 2196; x_wconf 81' lang='lat' dir='ltr'><strong>Landgrafio</strong></span> <span class='ocrx_word' id='word_1_124' title='bbox 1107 2113 1491 2199; x_wconf 81' lang='lat' dir='ltr'><strong>Thuringiae</strong></span> <span class='ocrx_word' id='word_1_125' title='bbox 1558 2114 1760 2176; x_wconf 85' lang='lat' dir='ltr'><strong>eloca-</strong></span> 
     </span>
     <span class='ocr_line' id='line_1_21' title="bbox 51 2203 1760 2287; baseline 0.001 -24"><span class='ocrx_word' id='word_1_126' title='bbox 51 2217 197 2264; x_wconf 82' lang='lat' dir='ltr'><strong>tam.</strong></span> <span class='ocrx_word' id='word_1_127' title='bbox 246 2204 505 2261; x_wconf 87' lang='lat' dir='ltr'><strong>Mortuo</strong></span> <span class='ocrx_word' id='word_1_128' title='bbox 545 2203 858 2260; x_wconf 73' lang='lat' dir='ltr'><strong>Lotlmm&#39;o</strong></span> <span class='ocrx_word' id='word_1_129' title='bbox 902 2204 1225 2287; x_wconf 83' lang='lat' dir='ltr'><strong>Principes</strong></span> <span class='ocrx_word' id='word_1_130' title='bbox 1259 2204 1520 2287; x_wconf 90' lang='lat' dir='ltr'><strong>Imperii</strong></span> <span class='ocrx_word' id='word_1_131' title='bbox 1552 2217 1760 2265; x_wconf 87' lang='lat' dir='ltr'><strong>metu-</strong></span> 
     </span>
     <span class='ocr_line' id='line_1_22' title="bbox 51 2293 1763 2367; baseline 0 -15"><span class='ocrx_word' id='word_1_132' title='bbox 51 2306 224 2352; x_wconf 89' lang='lat' dir='ltr'><strong>entes</strong></span> <span class='ocrx_word' id='word_1_133' title='bbox 276 2311 355 2348; x_wconf 90' lang='lat' dir='ltr'><strong>ne</strong></span> <span class='ocrx_word' id='word_1_134' title='bbox 408 2293 727 2348; x_wconf 68' lang='lat' dir='ltr'><strong>lietu-icas</strong></span> <span class='ocrx_word' id='word_1_135' title='bbox 784 2293 1097 2367; x_wconf 74' lang='lat' dir='ltr'><strong>Superbus</strong></span> <span class='ocrx_word' id='word_1_136' title='bbox 1150 2294 1298 2352; x_wconf 83' lang='lat' dir='ltr'><strong>Dux</strong></span> <span class='ocrx_word' id='word_1_137' title='bbox 1355 2294 1655 2355; x_wconf 84' lang='lat' dir='ltr'><strong>Bavariae</strong></span> <span class='ocrx_word' id='word_1_138' title='bbox 1700 2306 1763 2355; x_wconf 88' lang='lat' dir='ltr'><strong>et</strong></span> 
     </span>
    </p>

    <p class='ocr_par' dir='ltr' id='par_1_5' title="bbox 0 2375 1766 2816">
     <span class='ocr_line' id='line_1_23' title="bbox 0 2375 1760 2463; baseline 0.003 -25"><span class='ocrx_word' id='word_1_139' title='bbox 0 2443 1 2463; x_wconf 14' lang='grc' dir='ltr'>χ</span> <span class='ocrx_word' id='word_1_140' title='bbox 56 2378 371 2438; x_wconf 82' lang='lat' dir='ltr'><strong>Saxoniae</strong></span> <span class='ocrx_word' id='word_1_141' title='bbox 421 2380 533 2459; x_wconf 87' lang='lat' dir='ltr'><strong>qui</strong></span> <span class='ocrx_word' id='word_1_142' title='bbox 589 2400 624 2435; x_wconf 85' lang='lat' dir='ltr'>a</span> <span class='ocrx_word' id='word_1_143' title='bbox 671 2375 965 2438; x_wconf 78' lang='lat' dir='ltr'><strong>defuncto</strong></span> <span class='ocrx_word' id='word_1_144' title='bbox 1024 2381 1255 2441; x_wconf 79' lang='lat' dir='ltr'><strong>Socero</strong></span> <span class='ocrx_word' id='word_1_145' title='bbox 1306 2383 1620 2442; x_wconf 74' lang='lat' dir='ltr'><strong>Lothario</strong></span> <span class='ocrx_word' id='word_1_146' title='bbox 1675 2381 1760 2443; x_wconf 92' lang='lat' dir='ltr'><strong>ob</strong></span> 
     </span>
     <span class='ocr_line' id='line_1_24' title="bbox 0 2465 1760 2556; baseline 0.003 -29"><span class='ocrx_word' id='word_1_147' title='bbox 0 2465 1 2478; x_wconf 53' lang='lat'>¹</span> <span class='ocrx_word' id='word_1_148' title='bbox 56 2488 232 2551; x_wconf 90' lang='lat' dir='ltr'><strong>spem</strong></span> <span class='ocrx_word' id='word_1_149' title='bbox 261 2467 657 2526; x_wconf 87' lang='lat' dir='ltr'><strong>successionis</strong></span> <span class='ocrx_word' id='word_1_150' title='bbox 696 2468 881 2525; x_wconf 78' lang='lat' dir='ltr'><strong>etiam</strong></span> <span class='ocrx_word' id='word_1_151' title='bbox 924 2470 1179 2550; x_wconf 85' lang='lat' dir='ltr'><strong>Imperii</strong></span> <span class='ocrx_word' id='word_1_152' title='bbox 1214 2472 1476 2551; x_wconf 81' lang='lat' dir='ltr'><strong>insignia</strong></span> <span class='ocrx_word' id='word_1_153' title='bbox 1510 2492 1760 2556; x_wconf 25' lang='lat' dir='ltr'><strong>acceper-</strong></span> 
     </span>
     <span class='ocr_line' id='line_1_25' title="bbox 55 2555 1762 2639; baseline 0.001 -23"><span class='ocrx_word' id='word_1_154' title='bbox 55 2570 194 2630; x_wconf 83' lang='lat' dir='ltr'><strong>rat,</strong></span> <span class='ocrx_word' id='word_1_155' title='bbox 260 2556 592 2638; x_wconf 87' lang='lat' dir='ltr'><strong>imperium</strong></span> <span class='ocrx_word' id='word_1_156' title='bbox 630 2555 693 2611; x_wconf 86' lang='lat' dir='ltr'><strong>vi</strong></span> <span class='ocrx_word' id='word_1_157' title='bbox 735 2569 1015 2637; x_wconf 79' lang='lat' dir='ltr'><strong>raperet3</strong></span> <span class='ocrx_word' id='word_1_158' title='bbox 1073 2579 1265 2639; x_wconf 82' lang='lat' dir='ltr'><strong>quem</strong></span> <span class='ocrx_word' id='word_1_159' title='bbox 1306 2559 1604 2619; x_wconf 87' lang='lat' dir='ltr'><strong>Proceres</strong></span> <span class='ocrx_word' id='word_1_160' title='bbox 1649 2559 1762 2619; x_wconf 88' lang='lat' dir='ltr'><strong>du-</strong></span> 
     </span>
     <span class='ocr_line' id='line_1_26' title="bbox 58 2642 1762 2719; baseline 0.001 -15"><span class='ocrx_word' id='word_1_161' title='bbox 58 2642 209 2704; x_wconf 88' lang='lat' dir='ltr'><strong>dum</strong></span> <span class='ocrx_word' id='word_1_162' title='bbox 255 2642 340 2703; x_wconf 89' lang='lat' dir='ltr'><strong>ob</strong></span> <span class='ocrx_word' id='word_1_163' title='bbox 380 2642 608 2703; x_wconf 86' lang='lat' dir='ltr'><strong>fastum</strong></span> <span class='ocrx_word' id='word_1_164' title='bbox 644 2656 706 2702; x_wconf 92' lang='lat' dir='ltr'><strong>et</strong></span> <span class='ocrx_word' id='word_1_165' title='bbox 748 2643 1138 2705; x_wconf 86' lang='lat' dir='ltr'><strong>insolentiam</strong></span> <span class='ocrx_word' id='word_1_166' title='bbox 1180 2644 1326 2706; x_wconf 90' lang='lat' dir='ltr'><strong>odio</strong></span> <span class='ocrx_word' id='word_1_167' title='bbox 1367 2643 1762 2719; x_wconf 78' lang='lat' dir='ltr'><strong>habuerunt,</strong></span> 
     </span>
     <span class='ocr_line' id='line_1_27' title="bbox 59 2732 1766 2816; baseline 0.002 -23"><span class='ocrx_word' id='word_1_168' title='bbox 59 2755 211 2793; x_wconf 79' lang='lat' dir='ltr'><strong>mox</strong></span> <span class='ocrx_word' id='word_1_169' title='bbox 248 2733 583 2816; x_wconf 84' lang='lat' dir='ltr'><strong>anticipato</strong></span> <span class='ocrx_word' id='word_1_170' title='bbox 628 2745 910 2816; x_wconf 89' lang='lat' dir='ltr'><strong>tempore</strong></span> <span class='ocrx_word' id='word_1_171' title='bbox 960 2735 1314 2793; x_wconf 68' lang='lat' dir='ltr'><strong>Com-aslum</strong></span> <span class='ocrx_word' id='word_1_172' title='bbox 1345 2732 1569 2795; x_wconf 87' lang='lat' dir='ltr'><strong>ducem</strong></span> <span class='ocrx_word' id='word_1_173' title='bbox 1610 2736 1766 2796; x_wconf 80' lang='lat' dir='ltr'><strong>Sve-</strong></span> 
     </span>
    </p>
   </div>
   <div class='ocr_carea' id='block_1_5' title="bbox 836 2818 1678 2886">
    <p class='ocr_par' dir='ltr' id='par_1_6' title="bbox 836 2818 1678 2886">
     <span class='ocr_line' id='line_1_28' title="bbox 836 2818 1678 2886; baseline 0.011 -9"><span class='ocrx_word' id='word_1_174' title='bbox 836 2818 876 2877; x_wconf 85' lang='lat' dir='ltr'><strong>d</strong></span> <span class='ocrx_word' id='word_1_175' title='bbox 894 2818 936 2877; x_wconf 90' lang='lat' dir='ltr'><strong>d</strong></span> <span class='ocrx_word' id='word_1_176' title='bbox 1539 2825 1678 2886; x_wconf 85' lang='lat' dir='ltr'><strong>viae</strong></span> 
     </span>
    </p>
   </div>
   <div class='ocr_carea' id='block_1_6' title="bbox 66 2907 387 2923">
    <p class='ocr_par' dir='ltr' id='par_1_7' title="bbox 66 2907 387 2923">
     <span class='ocr_line' id='line_1_29' title="bbox 66 2907 387 2923; baseline 0 803"><span class='ocrx_word' id='word_1_177' title='bbox 66 2907 387 2923; x_wconf 95' lang='lat' dir='ltr'><strong> </strong></span> 
     </span>
    </p>
   </div>
   <div class='ocr_carea' id='block_1_7' title="bbox 132 2989 1768 3127">
    <p class='ocr_par' dir='ltr' id='par_1_8' title="bbox 132 2989 1768 3127">
     <span class='ocr_line' id='line_1_30' title="bbox 132 2989 1766 3066; baseline 0.001 -20"><span class='ocrx_word' id='word_1_178' title='bbox 132 2992 205 3066; x_wconf 85' lang='lat' dir='ltr'><strong>a)</strong></span> <span class='ocrx_word' id='word_1_179' title='bbox 244 2991 448 3047; x_wconf 84' lang='lat' dir='ltr'><strong>Chron.</strong></span> <span class='ocrx_word' id='word_1_180' title='bbox 483 2991 659 3047; x_wconf 84' lang='lat' dir='ltr'><strong>Casin.</strong></span> <span class='ocrx_word' id='word_1_181' title='bbox 699 2991 760 3045; x_wconf 91' lang='lat' dir='ltr'><strong>L.</strong></span> <span class='ocrx_word' id='word_1_182' title='bbox 797 2989 846 3045; x_wconf 82' lang='grc'><strong>4.</strong></span> <span class='ocrx_word' id='word_1_183' title='bbox 886 3011 933 3045; x_wconf 86' lang='lat' dir='ltr'><strong>c.</strong></span> <span class='ocrx_word' id='word_1_184' title='bbox 974 2990 1095 3050; x_wconf 84' lang='lat'><strong>105.</strong></span> <span class='ocrx_word' id='word_1_185' title='bbox 1131 3009 1245 3066; x_wconf 83' lang='lat' dir='ltr'><strong>seq.</strong></span> <span class='ocrx_word' id='word_1_186' title='bbox 1283 2995 1416 3049; x_wconf 86' lang='lat' dir='ltr'><strong>Otto</strong></span> <span class='ocrx_word' id='word_1_187' title='bbox 1455 2995 1590 3050; x_wconf 80' lang='lat' dir='ltr'><strong>Fris.</strong></span> <span class='ocrx_word' id='word_1_188' title='bbox 1629 2996 1691 3053; x_wconf 88' lang='lat' dir='ltr'><strong>L.</strong></span> <span class='ocrx_word' id='word_1_189' title='bbox 1717 2995 1766 3051; x_wconf 88' lang='lat'><strong>7.</strong></span> 
     </span>
     <span class='ocr_line' id='line_1_31' title="bbox 200 3063 1768 3127; baseline 0.003 -9"><span class='ocrx_word' id='word_1_190' title='bbox 200 3083 248 3118; x_wconf 88' lang='lat' dir='ltr'><strong>c.</strong></span> <span class='ocrx_word' id='word_1_191' title='bbox 289 3063 373 3118; x_wconf 86' lang='lat'><strong>20.</strong></span> <span class='ocrx_word' id='word_1_192' title='bbox 412 3063 616 3117; x_wconf 84' lang='lat' dir='ltr'><strong>Chron.</strong></span> <span class='ocrx_word' id='word_1_193' title='bbox 655 3064 816 3116; x_wconf 80' lang='lat' dir='ltr'><strong>Saxo·</strong></span> <span class='ocrx_word' id='word_1_194' title='bbox 856 3063 1050 3118; x_wconf 80' lang='lat' dir='ltr'><strong>Annal.</strong></span> <span class='ocrx_word' id='word_1_195' title='bbox 1089 3064 1450 3123; x_wconf 82' lang='lat' dir='ltr'><strong>Hildesheim.</strong></span> <span class='ocrx_word' id='word_1_196' title='bbox 1489 3087 1580 3127; x_wconf 78' lang='lat' dir='ltr'><strong>an.</strong></span> <span class='ocrx_word' id='word_1_197' title='bbox 1614 3066 1768 3123; x_wconf 81' lang='lat'><strong>1137.</strong></span> 
     </span>
    </p>
   </div>
   <div class='ocr_carea' id='block_1_8' title="bbox 0 2631 22 3726">
    <p class='ocr_par' dir='ltr' id='par_1_9' title="bbox 0 2631 22 3726">
     <span class='ocr_line' id='line_1_32' title="bbox 0 2631 22 3726; baseline 0 0"><span class='ocrx_word' id='word_1_198' title='bbox 0 2631 22 3726; x_wconf 95' lang='lat' dir='ltr'><strong> </strong></span> 
     </span>
    </p>
   </div>
  </div>
 </body>
</html>
