<?xml version="1.0" encoding="UTF-8"?>
<!DOCTYPE html PUBLIC "-//W3C//DTD XHTML 1.0 Transitional//EN"
    "http://www.w3.org/TR/xhtml1/DTD/xhtml1-transitional.dtd">
<html xmlns="http://www.w3.org/1999/xhtml" xml:lang="en" lang="en">
 <head>
  <title>
</title>
<meta http-equiv="Content-Type" content="text/html;charset=utf-8" />
  <meta name='ocr-system' content='tesseract 3.04.00' />
  <meta name='ocr-capabilities' content='ocr_page ocr_carea ocr_par ocr_line ocrx_word'/>
</head>
<body>
  <div class='ocr_page' id='page_1' title='image "./historiauniversa02nagy_0422.png"; bbox 0 0 2097 3726; ppageno 0'>
   <div class='ocr_carea' id='block_1_1' title="bbox 434 161 1489 244">
    <p class='ocr_par' dir='ltr' id='par_1_1' title="bbox 434 161 1489 244">
     <span class='ocr_line' id='line_1_1' title="bbox 434 161 1489 244; baseline -0.002 -18"><span class='ocrx_word' id='word_1_1' title='bbox 434 169 556 226; x_wconf 81' lang='lat'><strong>402</strong></span> <span class='ocrx_word' id='word_1_2' title='bbox 879 161 1185 225; x_wconf 62' lang='lat' dir='ltr'><strong>Historia</strong></span> <span class='ocrx_word' id='word_1_3' title='bbox 1229 169 1489 244; x_wconf 69' lang='lat' dir='ltr'><strong>Imperii</strong></span> 
     </span>
    </p>
   </div>
   <div class='ocr_carea' id='block_1_2' title="bbox 338 335 2051 2274">
    <p class='ocr_par' dir='ltr' id='par_1_2' title="bbox 338 335 2051 2274">
     <span class='ocr_line' id='line_1_2' title="bbox 338 335 2028 423; baseline 0.002 -23"><span class='ocrx_word' id='word_1_4' title='bbox 338 335 717 423; x_wconf 58' lang='lat' dir='ltr'><strong>litiicunctis</strong></span> <span class='ocrx_word' id='word_1_5' title='bbox 768 340 1010 401; x_wconf 85' lang='lat' dir='ltr'><strong>viribus</strong></span> <span class='ocrx_word' id='word_1_6' title='bbox 1058 342 1134 402; x_wconf 91' lang='lat' dir='ltr'><strong>ad</strong></span> <span class='ocrx_word' id='word_1_7' title='bbox 1179 340 1590 404; x_wconf 86' lang='lat' dir='ltr'><strong>resistendum</strong></span> <span class='ocrx_word' id='word_1_8' title='bbox 1637 344 1920 400; x_wconf 81' lang='lat' dir='ltr'><strong>Conrado</strong></span> <span class='ocrx_word' id='word_1_9' title='bbox 1962 365 2028 404; x_wconf 86' lang='lat' dir='ltr'><strong>se</strong></span> 
     </span>
     <span class='ocr_line' id='line_1_3' title="bbox 339 436 2028 515; baseline 0.002 -27"><span class='ocrx_word' id='word_1_10' title='bbox 339 450 404 489; x_wconf 91' lang='lat' dir='ltr'><strong>se</strong></span> <span class='ocrx_word' id='word_1_11' title='bbox 437 440 775 511; x_wconf 86' lang='lat' dir='ltr'><strong>pararunt:</strong></span> <span class='ocrx_word' id='word_1_12' title='bbox 823 450 950 510; x_wconf 89' lang='lat' dir='ltr'><strong>quo</strong></span> <span class='ocrx_word' id='word_1_13' title='bbox 997 436 1351 515; x_wconf 80' lang='lat' dir='ltr'>Imperator</span> <span class='ocrx_word' id='word_1_14' title='bbox 1403 443 1634 489; x_wconf 88' lang='lat' dir='ltr'><strong>armata</strong></span> <span class='ocrx_word' id='word_1_15' title='bbox 1681 453 1872 489; x_wconf 86' lang='lat' dir='ltr'><strong>manu</strong></span> <span class='ocrx_word' id='word_1_16' title='bbox 1918 453 2028 491; x_wconf 81' lang='lat' dir='ltr'><strong>ve—</strong></span> 
     </span>
     <span class='ocr_line' id='line_1_4' title="bbox 341 515 2029 602; baseline 0 -26"><span class='ocrx_word' id='word_1_17' title='bbox 341 518 634 588; x_wconf 85' lang='lat' dir='ltr'><strong>veniens,</strong></span> <span class='ocrx_word' id='word_1_18' title='bbox 684 517 749 573; x_wconf 88' lang='lat' dir='ltr'><strong>in</strong></span> <span class='ocrx_word' id='word_1_19' title='bbox 795 515 1055 578; x_wconf 81' lang='lat' dir='ltr'><strong>rebelles</strong></span> <span class='ocrx_word' id='word_1_20' title='bbox 1118 523 1392 602; x_wconf 80' lang='lat' dir='ltr'><strong>graviter</strong></span> <span class='ocrx_word' id='word_1_21' title='bbox 1437 518 1912 595; x_wconf 77' lang='lat' dir='ltr'><strong>animadvertit3</strong></span> <span class='ocrx_word' id='word_1_22' title='bbox 1963 522 2029 600; x_wconf 82' lang='lat' dir='ltr'><strong>a)</strong></span> 
     </span>
     <span class='ocr_line' id='line_1_5' title="bbox 344 606 2035 684; baseline 0.002 -22"><span class='ocrx_word' id='word_1_23' title='bbox 344 606 508 663; x_wconf 84' lang='lat' dir='ltr'><strong>inter</strong></span> <span class='ocrx_word' id='word_1_24' title='bbox 546 624 702 684; x_wconf 82' lang='lat' dir='ltr'><strong>quos</strong></span> <span class='ocrx_word' id='word_1_25' title='bbox 742 618 875 663; x_wconf 87' lang='lat' dir='ltr'><strong>erat</strong></span> <span class='ocrx_word' id='word_1_26' title='bbox 912 609 1268 665; x_wconf 56' lang='lat' dir='ltr'><strong>[imbertus</strong></span> <span class='ocrx_word' id='word_1_27' title='bbox 1300 607 1573 667; x_wconf 85' lang='lat' dir='ltr'><strong>Antistes</strong></span> <span class='ocrx_word' id='word_1_28' title='bbox 1606 606 2035 667; x_wconf 84' lang='lat' dir='ltr'><strong>Mediolanen-</strong></span> 
     </span>
     <span class='ocr_line' id='line_1_6' title="bbox 343 691 2033 775; baseline 0.002 -24"><span class='ocrx_word' id='word_1_29' title='bbox 343 695 439 752; x_wconf 83' lang='lat' dir='ltr'><strong>siS.</strong></span> <span class='ocrx_word' id='word_1_30' title='bbox 501 691 741 763; x_wconf 85' lang='lat' dir='ltr'><strong>Quibus</strong></span> <span class='ocrx_word' id='word_1_31' title='bbox 779 695 1007 774; x_wconf 79' lang='lat' dir='ltr'>pacatis</span> <span class='ocrx_word' id='word_1_32' title='bbox 1037 698 1103 753; x_wconf 89' lang='lat' dir='ltr'><strong>in</strong></span> <span class='ocrx_word' id='word_1_33' title='bbox 1137 696 1533 756; x_wconf 81' lang='lat' dir='ltr'><strong>Germaniam</strong></span> <span class='ocrx_word' id='word_1_34' title='bbox 1575 696 2033 775; x_wconf 79' lang='lat' dir='ltr'><strong>conspiratione</strong></span> 
     </span>
     <span class='ocr_line' id='line_1_7' title="bbox 344 777 2039 865; baseline 0.001 -25"><span class='ocrx_word' id='word_1_35' title='bbox 344 777 663 840; x_wconf 85' lang='lat' dir='ltr'><strong>turbatam</strong></span> <span class='ocrx_word' id='word_1_36' title='bbox 720 801 1007 841; x_wconf 87' lang='lat' dir='ltr'><strong>reversus</strong></span> <span class='ocrx_word' id='word_1_37' title='bbox 1036 828 1051 857; x_wconf 89' lang='lat'><strong>,</strong></span> <span class='ocrx_word' id='word_1_38' title='bbox 1093 805 1226 843; x_wconf 88' lang='lat' dir='ltr'><strong>eam</strong></span> <span class='ocrx_word' id='word_1_39' title='bbox 1274 787 1460 843; x_wconf 87' lang='lat' dir='ltr'><strong>armis</strong></span> <span class='ocrx_word' id='word_1_40' title='bbox 1507 781 1584 841; x_wconf 73' lang='lat' dir='ltr'><strong>acl</strong></span> <span class='ocrx_word' id='word_1_41' title='bbox 1637 803 1850 865; x_wconf 87' lang='lat' dir='ltr'><strong>pacem</strong></span> <span class='ocrx_word' id='word_1_42' title='bbox 1896 782 2039 843; x_wconf 87' lang='lat' dir='ltr'><strong>ade-</strong></span> 
     </span>
     <span class='ocr_line' id='line_1_8' title="bbox 344 866 2034 953; baseline 0.004 -28"><span class='ocrx_word' id='word_1_43' title='bbox 344 870 451 951; x_wconf 78' lang='lat' dir='ltr'><strong>git.</strong></span> <span class='ocrx_word' id='word_1_44' title='bbox 540 866 786 927; x_wconf 82' lang='lat' dir='ltr'><strong>Bellum</strong></span> <span class='ocrx_word' id='word_1_45' title='bbox 825 883 1041 928; x_wconf 86' lang='lat' dir='ltr'><strong>contra</strong></span> <span class='ocrx_word' id='word_1_46' title='bbox 1095 873 1419 953; x_wconf 77' lang='lat' dir='ltr'><strong>Hungaros</strong></span> <span class='ocrx_word' id='word_1_47' title='bbox 1464 893 1641 930; x_wconf 88' lang='lat' dir='ltr'><strong>causa</strong></span> <span class='ocrx_word' id='word_1_48' title='bbox 1700 874 2034 931; x_wconf 88' lang='lat' dir='ltr'><strong>successio-</strong></span> 
     </span>
     <span class='ocr_line' id='line_1_9' title="bbox 343 957 2036 1041; baseline 0.001 -26"><span class='ocrx_word' id='word_1_49' title='bbox 343 958 441 1015; x_wconf 87' lang='lat' dir='ltr'><strong>nis</strong></span> <span class='ocrx_word' id='word_1_50' title='bbox 485 957 550 1012; x_wconf 90' lang='lat' dir='ltr'><strong>in</strong></span> <span class='ocrx_word' id='word_1_51' title='bbox 592 957 919 1015; x_wconf 84' lang='lat' dir='ltr'><strong>Bavariam</strong></span> <span class='ocrx_word' id='word_1_52' title='bbox 977 962 1278 1041; x_wconf 83' lang='lat' dir='ltr'><strong>suscepit,</strong></span> <span class='ocrx_word' id='word_1_53' title='bbox 1327 983 1419 1018; x_wconf 91' lang='lat' dir='ltr'><strong>an.</strong></span> <span class='ocrx_word' id='word_1_54' title='bbox 1483 962 1668 1020; x_wconf 79' lang='lat'><strong>1050.</strong></span> <span class='ocrx_word' id='word_1_55' title='bbox 1733 961 1843 1040; x_wconf 81' lang='lat' dir='ltr'><strong>qui</strong></span> <span class='ocrx_word' id='word_1_56' title='bbox 1895 982 2036 1018; x_wconf 86' lang='lat' dir='ltr'><strong>cum</strong></span> 
     </span>
     <span class='ocr_line' id='line_1_10' title="bbox 346 1043 2039 1131; baseline 0.003 -29"><span class='ocrx_word' id='word_1_57' title='bbox 346 1043 684 1104; x_wconf 86' lang='lat' dir='ltr'><strong>fortissimo</strong></span> <span class='ocrx_word' id='word_1_58' title='bbox 727 1047 1007 1105; x_wconf 80' lang='lat' dir='ltr'><strong>exercitu</strong></span> <span class='ocrx_word' id='word_1_59' title='bbox 1042 1048 1431 1129; x_wconf 81' lang='lat' dir='ltr'><strong>Hungariam</strong></span> <span class='ocrx_word' id='word_1_60' title='bbox 1467 1069 1667 1131; x_wconf 88' lang='lat' dir='ltr'><strong>usque</strong></span> <span class='ocrx_word' id='word_1_61' title='bbox 1707 1048 2039 1107; x_wconf 83' lang='lat' dir='ltr'><strong>Jaurinum</strong></span> 
     </span>
     <span class='ocr_line' id='line_1_11' title="bbox 345 1130 2042 1217; baseline 0 -24"><span class='ocrx_word' id='word_1_62' title='bbox 345 1131 519 1193; x_wconf 83' lang='lat' dir='ltr'><strong>ferro</strong></span> <span class='ocrx_word' id='word_1_63' title='bbox 562 1130 925 1208; x_wconf 84' lang='lat' dir='ltr'><strong>devastans,</strong></span> <span class='ocrx_word' id='word_1_64' title='bbox 965 1137 1261 1214; x_wconf 80' lang='lat' dir='ltr'><strong>quoniam</strong></span> <span class='ocrx_word' id='word_1_65' title='bbox 1327 1137 1534 1217; x_wconf 89' lang='lat' dir='ltr'><strong>inopia</strong></span> <span class='ocrx_word' id='word_1_66' title='bbox 1586 1148 2042 1195; x_wconf 84' lang='lat' dir='ltr'><strong>commeatuum</strong></span> 
     </span>
     <span class='ocr_line' id='line_1_12' title="bbox 348 1221 2044 1305; baseline 0 -26"><span class='ocrx_word' id='word_1_67' title='bbox 348 1233 779 1305; x_wconf 84' lang='lat' dir='ltr'><strong>premeretur,</strong></span> <span class='ocrx_word' id='word_1_68' title='bbox 821 1222 884 1279; x_wconf 91' lang='lat' dir='ltr'><strong>in</strong></span> <span class='ocrx_word' id='word_1_69' title='bbox 926 1221 1325 1282; x_wconf 88' lang='lat' dir='ltr'><strong>Germaniam</strong></span> <span class='ocrx_word' id='word_1_70' title='bbox 1375 1221 1601 1296; x_wconf 88' lang='lat' dir='ltr'><strong>rediit,</strong></span> <span class='ocrx_word' id='word_1_71' title='bbox 1637 1238 1699 1283; x_wconf 87' lang='lat' dir='ltr'><strong>et</strong></span> <span class='ocrx_word' id='word_1_72' title='bbox 1741 1227 1886 1304; x_wconf 88' lang='lat' dir='ltr'><strong>quia</strong></span> <span class='ocrx_word' id='word_1_73' title='bbox 1924 1225 2044 1283; x_wconf 86' lang='lat' dir='ltr'><strong>eti-</strong></span> 
     </span>
     <span class='ocr_line' id='line_1_13' title="bbox 350 1309 2040 1393; baseline -0.001 -24"><span class='ocrx_word' id='word_1_74' title='bbox 350 1331 452 1369; x_wconf 85' lang='lat' dir='ltr'><strong>am</strong></span> <span class='ocrx_word' id='word_1_75' title='bbox 501 1310 829 1367; x_wconf 71' lang='lat' dir='ltr'><strong>Emer-icas</strong></span> <span class='ocrx_word' id='word_1_76' title='bbox 883 1309 957 1368; x_wconf 89' lang='lat' dir='ltr'><strong>ad</strong></span> <span class='ocrx_word' id='word_1_77' title='bbox 1009 1333 1197 1392; x_wconf 87' lang='lat' dir='ltr'><strong>quem</strong></span> <span class='ocrx_word' id='word_1_78' title='bbox 1248 1311 1506 1369; x_wconf 85' lang='lat' dir='ltr'><strong>Bavaria</strong></span> <span class='ocrx_word' id='word_1_79' title='bbox 1565 1310 1701 1393; x_wconf 84' lang='lat' dir='ltr'><strong>jure</strong></span> <span class='ocrx_word' id='word_1_80' title='bbox 1758 1326 2040 1371; x_wconf 87' lang='lat' dir='ltr'><strong>materno</strong></span> 
     </span>
     <span class='ocr_line' id='line_1_14' title="bbox 347 1397 2041 1482; baseline -0.002 -25"><span class='ocrx_word' id='word_1_81' title='bbox 347 1398 669 1482; x_wconf 88' lang='lat' dir='ltr'><strong>pertinere</strong></span> <span class='ocrx_word' id='word_1_82' title='bbox 707 1397 1048 1480; x_wconf 83' lang='lat' dir='ltr'><strong>putabatur</strong></span> <span class='ocrx_word' id='word_1_83' title='bbox 1074 1445 1088 1473; x_wconf 87' lang='lat'><strong>,</strong></span> <span class='ocrx_word' id='word_1_84' title='bbox 1131 1412 1411 1457; x_wconf 87' lang='lat' dir='ltr'><strong>mortuus</strong></span> <span class='ocrx_word' id='word_1_85' title='bbox 1447 1413 1633 1474; x_wconf 85' lang='lat' dir='ltr'><strong>esset,</strong></span> <span class='ocrx_word' id='word_1_86' title='bbox 1687 1402 2041 1474; x_wconf 72' lang='lat' dir='ltr'><strong>Stephanus</strong></span> 
     </span>
     <span class='ocr_line' id='line_1_15' title="bbox 348 1486 2041 1571; baseline -0.001 -25"><span class='ocrx_word' id='word_1_87' title='bbox 348 1488 490 1546; x_wconf 77' lang='lat' dir='ltr'><strong>Rex</strong></span> <span class='ocrx_word' id='word_1_88' title='bbox 532 1505 747 1567; x_wconf 76' lang='lat' dir='ltr'><strong>pacem</strong></span> <span class='ocrx_word' id='word_1_89' title='bbox 806 1508 921 1567; x_wconf 89' lang='lat' dir='ltr'><strong>per</strong></span> <span class='ocrx_word' id='word_1_90' title='bbox 970 1490 1322 1545; x_wconf 76' lang='lat' dir='ltr'><strong>Henrz&#39;czem</strong></span> <span class='ocrx_word' id='word_1_91' title='bbox 1388 1487 1791 1571; x_wconf 82' lang='lat' dir='ltr'><strong>Imperatoris</strong></span> <span class='ocrx_word' id='word_1_92' title='bbox 1842 1486 2041 1545; x_wconf 83' lang='lat' dir='ltr'><strong>filium</strong></span> 
     </span>
     <span class='ocr_line' id='line_1_16' title="bbox 355 1573 2043 1657; baseline -0.001 -24"><span class='ocrx_word' id='word_1_93' title='bbox 355 1587 573 1657; x_wconf 82' lang='lat' dir='ltr'><strong>petens</strong></span> <span class='ocrx_word' id='word_1_94' title='bbox 633 1575 694 1654; x_wconf 80' lang='lat' dir='ltr'><strong>b)</strong></span> <span class='ocrx_word' id='word_1_95' title='bbox 764 1573 1053 1634; x_wconf 85' lang='lat' dir='ltr'><strong>obtinuit.</strong></span> <span class='ocrx_word' id='word_1_96' title='bbox 1134 1579 1508 1633; x_wconf 78' lang='lat' dir='ltr'><strong>Miesconem</strong></span> <span class='ocrx_word' id='word_1_97' title='bbox 1550 1575 1888 1650; x_wconf 78' lang='lat' dir='ltr'><strong>Polonum3</strong></span> <span class='ocrx_word' id='word_1_98' title='bbox 1932 1576 2043 1656; x_wconf 86' lang='lat' dir='ltr'><strong>qui</strong></span> 
     </span>
     <span class='ocr_line' id='line_1_17' title="bbox 353 1659 2040 1746; baseline 0.001 -27"><span class='ocrx_word' id='word_1_99' title='bbox 353 1659 434 1719; x_wconf 86' lang='lat' dir='ltr'><strong>ad</strong></span> <span class='ocrx_word' id='word_1_100' title='bbox 508 1661 861 1744; x_wconf 79' lang='lat' dir='ltr'><strong>exemplum</strong></span> <span class='ocrx_word' id='word_1_101' title='bbox 936 1666 1133 1746; x_wconf 88' lang='lat' dir='ltr'><strong>patris</strong></span> <span class='ocrx_word' id='word_1_102' title='bbox 1187 1667 1467 1722; x_wconf 61' lang='lat' dir='ltr'><strong>Bolas-lai</strong></span> <span class='ocrx_word' id='word_1_103' title='bbox 1525 1667 1588 1723; x_wconf 87' lang='lat' dir='ltr'><strong>in</strong></span> <span class='ocrx_word' id='word_1_104' title='bbox 1638 1663 2040 1746; x_wconf 87' lang='lat' dir='ltr'><strong>Imperatoris</strong></span> 
     </span>
     <span class='ocr_line' id='line_1_18' title="bbox 357 1749 2044 1834; baseline 0.001 -27"><span class='ocrx_word' id='word_1_105' title='bbox 357 1749 792 1808; x_wconf 87' lang='lat' dir='ltr'><strong>contumeliam</strong></span> <span class='ocrx_word' id='word_1_106' title='bbox 842 1773 1070 1811; x_wconf 89' lang='lat' dir='ltr'><strong>nomen</strong></span> <span class='ocrx_word' id='word_1_107' title='bbox 1111 1754 1273 1834; x_wconf 80' lang='lat' dir='ltr'><strong>regis</strong></span> <span class='ocrx_word' id='word_1_108' title='bbox 1330 1765 1661 1824; x_wconf 82' lang='lat' dir='ltr'><strong>sumserat,</strong></span> <span class='ocrx_word' id='word_1_109' title='bbox 1707 1764 1847 1834; x_wconf 90' lang='lat' dir='ltr'><strong>post</strong></span> <span class='ocrx_word' id='word_1_110' title='bbox 1898 1751 2044 1810; x_wconf 90' lang='lat' dir='ltr'><strong>lon-</strong></span> 
     </span>
     <span class='ocr_line' id='line_1_19' title="bbox 357 1836 2046 1921; baseline 0.002 -26"><span class='ocrx_word' id='word_1_111' title='bbox 357 1858 504 1919; x_wconf 80' lang='lat' dir='ltr'><strong>gum</strong></span> <span class='ocrx_word' id='word_1_112' title='bbox 552 1850 613 1895; x_wconf 92' lang='lat' dir='ltr'><strong>et</strong></span> <span class='ocrx_word' id='word_1_113' title='bbox 665 1836 912 1897; x_wconf 87' lang='lat' dir='ltr'><strong>difficile</strong></span> <span class='ocrx_word' id='word_1_114' title='bbox 966 1839 1236 1915; x_wconf 86' lang='lat' dir='ltr'><strong>bellum,</strong></span> <span class='ocrx_word' id='word_1_115' title='bbox 1302 1853 1695 1921; x_wconf 84' lang='lat' dir='ltr'><strong>vastatosque</strong></span> <span class='ocrx_word' id='word_1_116' title='bbox 1753 1852 2046 1898; x_wconf 89' lang='lat' dir='ltr'><strong>centenos</strong></span> 
     </span>
     <span class='ocr_line' id='line_1_20' title="bbox 357 1927 2046 2010; baseline 0.002 -27"><span class='ocrx_word' id='word_1_117' title='bbox 357 1946 580 2008; x_wconf 80' lang='lat' dir='ltr'><strong>pagOS,</strong></span> <span class='ocrx_word' id='word_1_118' title='bbox 621 1927 685 1982; x_wconf 90' lang='lat' dir='ltr'><strong>in</strong></span> <span class='ocrx_word' id='word_1_119' title='bbox 711 1928 1016 2001; x_wconf 75' lang='lat' dir='ltr'><strong>angustias</strong></span> <span class='ocrx_word' id='word_1_120' title='bbox 1054 1927 1370 1986; x_wconf 87' lang='lat' dir='ltr'><strong>redactum</strong></span> <span class='ocrx_word' id='word_1_121' title='bbox 1413 1949 1625 2010; x_wconf 88' lang='lat' dir='ltr'><strong>pacem</strong></span> <span class='ocrx_word' id='word_1_122' title='bbox 1659 1940 1872 2009; x_wconf 86' lang='lat' dir='ltr'><strong>petere</strong></span> <span class='ocrx_word' id='word_1_123' title='bbox 1904 1948 2046 1986; x_wconf 85' lang='lat' dir='ltr'><strong>coe—</strong></span> 
     </span>
     <span class='ocr_line' id='line_1_21' title="bbox 365 2011 2046 2098; baseline 0.002 -28"><span class='ocrx_word' id='word_1_124' title='bbox 365 2015 474 2093; x_wconf 81' lang='lat' dir='ltr'><strong>git,</strong></span> <span class='ocrx_word' id='word_1_125' title='bbox 584 2011 642 2090; x_wconf 81' lang='lat' dir='ltr'><strong>c)</strong></span> <span class='ocrx_word' id='word_1_126' title='bbox 749 2012 1026 2073; x_wconf 87' lang='lat' dir='ltr'><strong>Tandem</strong></span> <span class='ocrx_word' id='word_1_127' title='bbox 1087 2018 1406 2074; x_wconf 77' lang='lat' dir='ltr'><strong>Conraclzcs</strong></span> <span class='ocrx_word' id='word_1_128' title='bbox 1474 2030 1801 2098; x_wconf 86' lang='lat' dir='ltr'><strong>postquam</strong></span> <span class='ocrx_word' id='word_1_129' title='bbox 1852 2013 2046 2074; x_wconf 87' lang='lat' dir='ltr'><strong>filium</strong></span> 
     </span>
     <span class='ocr_line' id='line_1_22' title="bbox 362 2103 2044 2183; baseline 0.002 -25"><span class='ocrx_word' id='word_1_130' title='bbox 362 2103 713 2159; x_wconf 75' lang='lat' dir='ltr'><strong>lienricum</strong></span> <span class='ocrx_word' id='word_1_131' title='bbox 803 2103 1050 2183; x_wconf 87' lang='lat' dir='ltr'><strong>imperii</strong></span> <span class='ocrx_word' id='word_1_132' title='bbox 1121 2118 1472 2163; x_wconf 86' lang='lat' dir='ltr'><strong>consortem</strong></span> <span class='ocrx_word' id='word_1_133' title='bbox 1554 2103 1993 2162; x_wconf 85' lang='lat' dir='ltr'><strong>nominavisset</strong></span> <span class='ocrx_word' id='word_1_134' title='bbox 2028 2147 2044 2176; x_wconf 88' lang='lat'><strong>,</strong></span> 
     </span>
     <span class='ocr_line' id='line_1_23' title="bbox 368 2189 2051 2274; baseline 0.001 -25"><span class='ocrx_word' id='word_1_135' title='bbox 368 2202 571 2249; x_wconf 85' lang='lat' dir='ltr'><strong>morte</strong></span> <span class='ocrx_word' id='word_1_136' title='bbox 612 2189 935 2249; x_wconf 82' lang='lat' dir='ltr'><strong>subitanea</strong></span> <span class='ocrx_word' id='word_1_137' title='bbox 982 2214 1076 2250; x_wconf 86' lang='lat' dir='ltr'><strong>an.</strong></span> <span class='ocrx_word' id='word_1_138' title='bbox 1123 2192 1368 2274; x_wconf 88' lang='lat' dir='ltr'><strong>imperii</strong></span> <span class='ocrx_word' id='word_1_139' title='bbox 1413 2192 1506 2250; x_wconf 87' lang='grc'><strong>15.</strong></span> <span class='ocrx_word' id='word_1_140' title='bbox 1553 2192 1887 2251; x_wconf 77' lang='lat' dir='ltr'><strong>exstinctus</strong></span> <span class='ocrx_word' id='word_1_141' title='bbox 1928 2206 2051 2266; x_wconf 85' lang='lat' dir='ltr'><strong>est,</strong></span> 
     </span>
    </p>
   </div>
   <div class='ocr_carea' id='block_1_3' title="bbox 367 2276 2049 2446">
    <p class='ocr_par' dir='ltr' id='par_1_3' title="bbox 367 2276 2049 2446">
     <span class='ocr_line' id='line_1_24' title="bbox 367 2276 2049 2363; baseline 0.002 -26"><span class='ocrx_word' id='word_1_142' title='bbox 367 2291 429 2337; x_wconf 86' lang='lat' dir='ltr'><strong>et</strong></span> <span class='ocrx_word' id='word_1_143' title='bbox 490 2276 762 2359; x_wconf 83' lang='lat' dir='ltr'><strong>sepultus</strong></span> <span class='ocrx_word' id='word_1_144' title='bbox 810 2279 1034 2354; x_wconf 78' lang='lat' dir='ltr'><strong>Spirae</strong></span> <span class='ocrx_word' id='word_1_145' title='bbox 1084 2281 1147 2337; x_wconf 89' lang='lat' dir='ltr'><strong>in</strong></span> <span class='ocrx_word' id='word_1_146' title='bbox 1210 2278 1442 2363; x_wconf 88' lang='lat' dir='ltr'><strong>templo</strong></span> <span class='ocrx_word' id='word_1_147' title='bbox 1489 2279 1548 2337; x_wconf 91' lang='lat' dir='ltr'><strong>S.</strong></span> <span class='ocrx_word' id='word_1_148' title='bbox 1616 2279 1848 2338; x_wconf 86' lang='lat' dir='ltr'><strong>Mariae</strong></span> <span class='ocrx_word' id='word_1_149' title='bbox 1896 2301 1932 2337; x_wconf 92' lang='lat' dir='ltr'><strong>a</strong></span> <span class='ocrx_word' id='word_1_150' title='bbox 1984 2301 2049 2340; x_wconf 83' lang='lat' dir='ltr'><strong>se</strong></span> 
     </span>
     <span class='ocr_line' id='line_1_25' title="bbox 367 2364 790 2446; baseline 0 -23"><span class='ocrx_word' id='word_1_151' title='bbox 367 2364 668 2425; x_wconf 83' lang='lat' dir='ltr'><strong>adificato.</strong></span> <span class='ocrx_word' id='word_1_152' title='bbox 715 2366 790 2446; x_wconf 82' lang='lat' dir='ltr'><strong>d)</strong></span> 
     </span>
    </p>
   </div>
   <div class='ocr_carea' id='block_1_4' title="bbox 542 2453 2050 2537">
    <p class='ocr_par' dir='ltr' id='par_1_4' title="bbox 542 2453 2050 2537">
     <span class='ocr_line' id='line_1_26' title="bbox 542 2453 2050 2537; baseline 0.001 -26"><span class='ocrx_word' id='word_1_153' title='bbox 542 2453 745 2518; x_wconf 79' lang='lat' dir='ltr'><strong>XVII,</strong></span> <span class='ocrx_word' id='word_1_154' title='bbox 795 2456 1109 2511; x_wconf 78' lang='lat' dir='ltr'><strong>Henricus</strong></span> <span class='ocrx_word' id='word_1_155' title='bbox 1171 2456 1298 2511; x_wconf 93' lang='lat' dir='ltr'><strong>III.</strong></span> <span class='ocrx_word' id='word_1_156' title='bbox 1362 2458 1596 2532; x_wconf 74' lang='lat' dir='ltr'><strong>Mger,</strong></span> <span class='ocrx_word' id='word_1_157' title='bbox 1642 2469 1820 2537; x_wconf 90' lang='lat' dir='ltr'><strong>patre</strong></span> <span class='ocrx_word' id='word_1_158' title='bbox 1896 2457 2050 2513; x_wconf 79' lang='lat' dir='ltr'><strong>Con-</strong></span> 
     </span>
    </p>
   </div>
   <div class='ocr_carea' id='block_1_5' title="bbox 368 2543 2049 3008">
    <p class='ocr_par' dir='ltr' id='par_1_5' title="bbox 368 2543 2047 2639">
     <span class='ocr_line' id='line_1_27' title="bbox 368 2543 2047 2639; baseline 0.001 -40"><span class='ocrx_word' id='word_1_159' title='bbox 368 2544 526 2599; x_wconf 79' lang='lat' dir='ltr'><strong>rado</strong></span> <span class='ocrx_word' id='word_1_160' title='bbox 567 2543 655 2598; x_wconf 93' lang='lat' dir='ltr'><strong>II.</strong></span> <span class='ocrx_word' id='word_1_161' title='bbox 702 2543 857 2624; x_wconf 86' lang='lat' dir='ltr'><strong>Imp.</strong></span> <span class='ocrx_word' id='word_1_162' title='bbox 905 2555 1105 2602; x_wconf 85' lang='lat' dir='ltr'><strong>matre</strong></span> <span class='ocrx_word' id='word_1_163' title='bbox 1145 2544 1355 2600; x_wconf 77' lang='lat' dir='ltr'><strong>Gisela</strong></span> <span class='ocrx_word' id='word_1_164' title='bbox 1384 2545 2047 2639; x_wconf 44' lang='lat' dir='ltr'><strong>natUS,primam·con-</strong></span> 
     </span>
    </p>

    <p class='ocr_par' dir='ltr' id='par_1_6' title="bbox 1892 2653 1964 2688">
     <span class='ocr_line' id='line_1_28' title="bbox 1892 2653 1964 2688; baseline 0 -10"><span class='ocrx_word' id='word_1_165' title='bbox 1892 2653 1964 2688; x_wconf 82' lang='lat' dir='ltr'><strong>u..</strong></span> 
     </span>
    </p>

    <p class='ocr_par' dir='ltr' id='par_1_7' title="bbox 436 2653 2049 3008">
     <span class='ocr_line' id='line_1_29' title="bbox 436 2653 2046 2804; baseline 0.002 -22"><span class='ocrx_word' id='word_1_166' title='bbox 436 2743 505 2802; x_wconf 85' lang='lat' dir='ltr'><strong>a)</strong></span> <span class='ocrx_word' id='word_1_167' title='bbox 544 2711 736 2789; x_wconf 69' lang='lat' dir='ltr'><strong>Herm.</strong></span> <span class='ocrx_word' id='word_1_168' title='bbox 774 2741 949 2782; x_wconf 83' lang='lat' dir='ltr'><strong>contr.</strong></span> <span class='ocrx_word' id='word_1_169' title='bbox 990 2750 1075 2784; x_wconf 84' lang='lat' dir='ltr'><strong>an.</strong></span> <span class='ocrx_word' id='word_1_170' title='bbox 1112 2730 1265 2786; x_wconf 88' lang='grc'><strong>1026.</strong></span> <span class='ocrx_word' id='word_1_171' title='bbox 1300 2733 1532 2804; x_wconf 85' lang='lat' dir='ltr'><strong>Arnulp.</strong></span> <span class='ocrx_word' id='word_1_172' title='bbox 1568 2732 1633 2784; x_wconf 89' lang='lat' dir='ltr'><strong>de</strong></span> <span class='ocrx_word' id='word_1_173' title='bbox 1653 2743 1788 2803; x_wconf 78' lang='lat' dir='ltr'><strong>gest.</strong></span> <span class='ocrx_word' id='word_1_174' title='bbox 1825 2653 2046 2785; x_wconf 73' lang='lat' dir='ltr'><strong>Niediol.</strong></span> 
     </span>
     <span class='ocr_line' id='line_1_30' title="bbox 508 2799 2049 2873; baseline 0.001 -22"><span class='ocrx_word' id='word_1_175' title='bbox 508 2802 570 2851; x_wconf 90' lang='lat' dir='ltr'><strong>L.</strong></span> <span class='ocrx_word' id='word_1_176' title='bbox 611 2799 664 2856; x_wconf 80' lang='grc'><strong>2.</strong></span> <span class='ocrx_word' id='word_1_177' title='bbox 699 2819 743 2852; x_wconf 92' lang='lat' dir='ltr'><strong>e.</strong></span> <span class='ocrx_word' id='word_1_178' title='bbox 775 2819 885 2872; x_wconf 80' lang='lat' dir='ltr'><strong>seq.</strong></span> <span class='ocrx_word' id='word_1_179' title='bbox 924 2803 1120 2872; x_wconf 87' lang='lat' dir='ltr'><strong>Urppo</strong></span> <span class='ocrx_word' id='word_1_180' title='bbox 1154 2803 1212 2854; x_wconf 86' lang='lat' dir='ltr'><strong>in</strong></span> <span class='ocrx_word' id='word_1_181' title='bbox 1247 2804 1356 2855; x_wconf 82' lang='lat' dir='ltr'><strong>vita</strong></span> <span class='ocrx_word' id='word_1_182' title='bbox 1393 2803 1646 2858; x_wconf 78' lang='lat' dir='ltr'><strong>Conradi.</strong></span> <span class='ocrx_word' id='word_1_183' title='bbox 1719 2802 1788 2873; x_wconf 81' lang='lat' dir='ltr'><strong>b)</strong></span> <span class='ocrx_word' id='word_1_184' title='bbox 1827 2803 2049 2872; x_wconf 80' lang='lat' dir='ltr'><strong>VVippo.</strong></span> 
     </span>
     <span class='ocr_line' id='line_1_31' title="bbox 512 2870 2049 2943; baseline 0.001 -22"><span class='ocrx_word' id='word_1_185' title='bbox 512 2871 644 2922; x_wconf 84' lang='lat' dir='ltr'><strong>ibid.</strong></span> <span class='ocrx_word' id='word_1_186' title='bbox 687 2871 877 2927; x_wconf 81' lang='lat' dir='ltr'><strong>Herm.</strong></span> <span class='ocrx_word' id='word_1_187' title='bbox 921 2873 1108 2924; x_wconf 86' lang='lat' dir='ltr'><strong>Contr.</strong></span> <span class='ocrx_word' id='word_1_188' title='bbox 1180 2875 1246 2937; x_wconf 86' lang='lat' dir='ltr'><strong>c)</strong></span> <span class='ocrx_word' id='word_1_189' title='bbox 1284 2873 1505 2942; x_wconf 79' lang='lat' dir='ltr'><strong>Vvippo.</strong></span> <span class='ocrx_word' id='word_1_190' title='bbox 1541 2892 1596 2943; x_wconf 87' lang='lat' dir='ltr'><strong>p.</strong></span> <span class='ocrx_word' id='word_1_191' title='bbox 1629 2870 1747 2923; x_wconf 81' lang='grc'><strong>432.</strong></span> <span class='ocrx_word' id='word_1_192' title='bbox 1773 2889 1882 2942; x_wconf 87' lang='lat' dir='ltr'><strong>seq.</strong></span> <span class='ocrx_word' id='word_1_193' title='bbox 1919 2873 2049 2923; x_wconf 78' lang='lat' dir='ltr'><strong>Otto</strong></span> 
     </span>
     <span class='ocr_line' id='line_1_32' title="bbox 510 2939 2048 3008; baseline 0.001 -16"><span class='ocrx_word' id='word_1_194' title='bbox 510 2940 743 3008; x_wconf 79' lang='lat' dir='ltr'><strong>Frising.</strong></span> <span class='ocrx_word' id='word_1_195' title='bbox 784 2942 844 2992; x_wconf 93' lang='lat' dir='ltr'><strong>L.</strong></span> <span class='ocrx_word' id='word_1_196' title='bbox 879 2940 927 2994; x_wconf 88' lang='grc'><strong>6.</strong></span> <span class='ocrx_word' id='word_1_197' title='bbox 965 2961 1007 2993; x_wconf 88' lang='lat' dir='ltr'><strong>c.</strong></span> <span class='ocrx_word' id='word_1_198' title='bbox 1050 2940 1134 2993; x_wconf 87' lang='grc'><strong>31.</strong></span> <span class='ocrx_word' id='word_1_199' title='bbox 1172 2944 1313 2993; x_wconf 89' lang='lat' dir='ltr'><strong>Ann.</strong></span> <span class='ocrx_word' id='word_1_200' title='bbox 1347 2944 1504 2994; x_wconf 80' lang='lat' dir='ltr'><strong>Saxo.</strong></span> <span class='ocrx_word' id='word_1_201' title='bbox 1543 2961 1628 2993; x_wconf 81' lang='lat' dir='ltr'><strong>an.</strong></span> <span class='ocrx_word' id='word_1_202' title='bbox 1663 2939 1816 2997; x_wconf 87' lang='grc'><strong>1030.</strong></span> <span class='ocrx_word' id='word_1_203' title='bbox 1853 2942 2048 2995; x_wconf 80' lang='lat' dir='ltr'><strong>Annal.</strong></span> 
     </span>
    </p>
   </div>
   <div class='ocr_carea' id='block_1_6' title="bbox 515 3010 2048 3137">
    <p class='ocr_par' dir='ltr' id='par_1_8' title="bbox 515 3010 2048 3137">
     <span class='ocr_line' id='line_1_33' title="bbox 517 3010 2048 3075; baseline 0.004 -14"><span class='ocrx_word' id='word_1_204' title='bbox 517 3010 872 3063; x_wconf 85' lang='lat' dir='ltr'><strong>Hildesheim.</strong></span> <span class='ocrx_word' id='word_1_205' title='bbox 912 3030 998 3063; x_wconf 81' lang='lat' dir='ltr'><strong>an.</strong></span> <span class='ocrx_word' id='word_1_206' title='bbox 1035 3010 1188 3064; x_wconf 84' lang='grc'><strong>1028.</strong></span> <span class='ocrx_word' id='word_1_207' title='bbox 1263 3011 1334 3075; x_wconf 76' lang='lat' dir='ltr'><strong>d)</strong></span> <span class='ocrx_word' id='word_1_208' title='bbox 1392 3011 1595 3067; x_wconf 87' lang='lat' dir='ltr'><strong>Chren.</strong></span> <span class='ocrx_word' id='word_1_209' title='bbox 1630 3011 1833 3062; x_wconf 80' lang='lat' dir='ltr'><strong>cassin.</strong></span> <span class='ocrx_word' id='word_1_210' title='bbox 1884 3014 1948 3066; x_wconf 90' lang='lat' dir='ltr'><strong>L.</strong></span> <span class='ocrx_word' id='word_1_211' title='bbox 1993 3011 2048 3068; x_wconf 81' lang='grc'><strong>2.</strong></span> 
     </span>
     <span class='ocr_line' id='line_1_34' title="bbox 515 3079 1787 3137; baseline 0.005 -8"><span class='ocrx_word' id='word_1_212' title='bbox 515 3098 563 3134; x_wconf 85' lang='lat' dir='ltr'><strong>c.</strong></span> <span class='ocrx_word' id='word_1_213' title='bbox 600 3079 686 3137; x_wconf 76' lang='grc'><strong>65.</strong></span> <span class='ocrx_word' id='word_1_214' title='bbox 727 3080 858 3134; x_wconf 76' lang='lat' dir='ltr'><strong>Otto</strong></span> <span class='ocrx_word' id='word_1_215' title='bbox 887 3080 1020 3135; x_wconf 82' lang='lat' dir='ltr'><strong>Fris.</strong></span> <span class='ocrx_word' id='word_1_216' title='bbox 1061 3079 1478 3134; x_wconf 73' lang='lat' dir='ltr'><strong>La1nb.snhaff.</strong></span> <span class='ocrx_word' id='word_1_217' title='bbox 1511 3100 1596 3134; x_wconf 82' lang='lat' dir='ltr'><strong>an.</strong></span> <span class='ocrx_word' id='word_1_218' title='bbox 1635 3079 1787 3135; x_wconf 83' lang='lat'><strong>1039.</strong></span> 
     </span>
    </p>
   </div>
   <div class='ocr_carea' id='block_1_7' title="bbox 365 2690 681 2706">
    <p class='ocr_par' dir='ltr' id='par_1_9' title="bbox 365 2690 681 2706">
     <span class='ocr_line' id='line_1_35' title="bbox 365 2690 681 2706; baseline 0 0"><span class='ocrx_word' id='word_1_219' title='bbox 365 2690 681 2706; x_wconf 95' lang='lat' dir='ltr'><strong> </strong></span> 
     </span>
    </p>
   </div>
  </div>
 </body>
</html>
