2097 3726
375 215 491 274 204
815 216 1427 275 Ili-storia

275 388 383 446 riis
422 388 806 471 temporibus
852 412 995 454 cum
1038 395 1207 454 omni
1258 417 1329 455 re
1368 393 1744 455 insederunt.
1811 392 1971 453 Ger—

277 477 516 535 maniae
559 491 769 539 autem
807 497 1050 563 partem
1087 481 1210 564 jam
1249 486 1455 542 Julius
1503 486 1739 542 Caesar
1776 504 1972 542 nove-

273 577 413 634 rat,
478 563 654 646 cujus
699 572 988 646 termini,
1057 587 1256 633 aetate
1306 574 1573 655 Augusti
1636 573 1973 629 Octaviani

272 650 419 711 inde
467 676 502 710 a
543 654 769 738 Pelago
805 680 1004 742 usque
1059 658 1138 719 ad
1179 661 1394 720 Albim
1431 658 1971 734 extendebantur,

270 763 303 796 a
337 762 468 821 quo
521 757 804 826 tempore
850 749 1146 808 Germani
1189 752 1253 808 in
1303 750 1577 810 diversas
1616 749 1972 831 provincias

271 849 382 888 Seu
438 832 742 891 stffatmiccs
807 833 1171 912 distributi,
1278 841 1555 922 primum
1617 835 1973 918 singillatim

269 921 530 998 quaevis
571 925 896 1004 provincia
932 947 1047 1008 pro
1093 947 1194 1001 se,
1241 926 1384 988 dein
1420 928 1736 986 communi
1786 926 1974 983 etiam

267 1009 547 1066 exercitu
607 1012 670 1067 in
734 1013 1167 1073 Romanorum
1232 1019 1446 1076 castris
1513 1037 1630 1099 pro
1686 1011 1975 1072 mercede

269 1093 656 1170 militabant,
716 1098 882 1160 unde
931 1103 1158 1161 sensim
1212 1125 1289 1163 ex
1329 1116 1546 1164 mutua
1584 1104 1820 1162 virium
1871 1121 1980 1159 co-

271 1183 590 1263 gnitione,
661 1189 844 1247 etiam
878 1191 1210 1273 utriusque
1257 1195 1456 1274 gentis
1502 1191 1665 1252 bella
1708 1192 1872 1248 inter
1910 1212 1974 1249 se

271 1285 439 1353 gesta
481 1275 724 1336 initium
765 1293 1158 1356 sumserunt3
1223 1301 1300 1339 ex
1342 1281 1572 1362 quibus
1618 1280 1979 1339 cruentissi-

265 1382 443 1421 mum
479 1378 651 1438 erat,
681 1363 760 1423 ad
798 1389 847 1423 a.
886 1364 994 1426 Ch.
1043 1365 1184 1427 166.
1219 1371 1838 1440 Marcomannicmn,
1888 1365 1974 1444 a)

274 1469 553 1530 quorum
606 1453 734 1512 dux
787 1456 1261 1532 Illarobodazoe,
1325 1460 1389 1518 in
1434 1458 1773 1517 vindictam
1813 1456 1974 1514 Ger-

269 1539 549 1614 maniae,
603 1545 921 1604 nationem
951 1566 1129 1606 suam
1163 1547 1473 1620 excitans,
1529 1548 1672 1606 satis
1707 1544 1817 1602 diu
1840 1544 1970 1601 Ro-

270 1627 468 1686 manis
507 1633 766 1690 restitit:
815 1635 926 1714 qui
964 1634 1207 1694 Italiam
1241 1657 1384 1695 cum
1424 1636 1551 1694 suis
1593 1652 1967 1719 percursan-

271 1711 394 1788 do,
442 1718 739 1776 llffarcm'n
769 1720 924 1802 Imp.
968 1721 1122 1782 adeo
1166 1725 1430 1800 terruit,
1480 1738 1551 1782 ut
1587 1743 1797 1783 servos
1838 1741 1972 1778 ma-

272 1825 364 1860 nu
437 1806 752 1880 mitteret,
851 1811 976 1868 imo
1036 1809 1405 1892 gladiatores
1463 1823 1524 1872 et
1576 1812 1846 1871 latrones
1891 1806 1970 1865 ad

270 1889 530 1951 militiae
582 1894 1013 1977 supplementa
1067 1896 1426 1974 adhiberet3
1491 1903 1604 1982 qui
1656 1913 1863 1959 tamen
1905 1899 1971 1956 in

276 1978 639 2052 Quadorum
686 1983 915 2043 finibus
976 1991 1271 2069 angustiis
1327 1988 1613 2047 locorum
1664 1986 1973 2059 inclusus,

274 2065 436 2128 fame
478 2082 539 2128 et
584 2071 683 2130 siti
730 2093 871 2132 cum
925 2077 1208 2135 exercitu
1246 2079 1562 2159 periisset,
1628 2079 1748 2135 nisi
1791 2073 1973 2133 Chri-

271 2157 615 2217 stianorum
641 2161 931 2243 precibus
963 2162 1263 2224 liberatus
1279 2211 1297 2237 ‚
1348 2167 1677 2224 victoriam
1710 2163 1973 2245 adeptus

272 2241 501 2304 fuisset.
572 2248 868 2309 Similiter
917 2249 1139 2312 Franci
1191 2255 1258 2311 in
1312 2252 1560 2328 Galliis,
1651 2249 1840 2310 Gothi
1897 2249 1975 2308 ad.

276 2332 674 2410 Danubium,
713 2337 802 2415 b)
847 2336 1179 2400 Alemanni
1225 2364 1274 2399 a.
1321 2340 1462 2400 268.
1509 2339 1584 2399 ad
1621 2340 1824 2399 lacum
1854 2342 1978 2396 Be-

274 2443 532 2499 nacum,
581 2426 650 2506 c)
700 2426 974 2489 Saxones
1021 2451 1175 2490 vero
1220 2452 1273 2489 a.
1314 2432 1455 2492 286.
1501 2428 1976 2498 tumultuaban-

1749 2532 1889 2591 tur,

341 2634 417 2707 a)
459 2635 626 2705 Vellej
669 2638 880 2692 Patere.
927 2636 991 2690 L.
1022 2636 1074 2689 2.
1125 2637 1352 2692 Tacitus
1393 2643 1456 2694 L.
1490 2640 1540 2693 2.
1578 2642 1754 2692 annal.
1812 2659 1853 2690 c.
1887 2638 1977 2692 45.

410 2723 522 2776 seq.
576 2707 799 2759 demum
847 2707 1225 2762 Marcomanni
1267 2721 1321 2762 et
1369 2712 1549 2778 Quadi
1599 2728 1700 2778 ope
1754 2709 1971 2761 divina.

407 2777 659 2850 precibus
713 2778 968 2847 Legionis
1030 2779 1406 2846 Christianae,
1493 2782 1703 2852 proelio
1773 2779 1976 2830 devicti

408 2849 558 2903 sunt.
597 2849 743 2918 quod
796 2850 915 2902 fuse
956 2849 1254 2909 describit,
1305 2862 1356 2903 et
1392 2850 1657 2902 defendit.
1696 2849 1823 2903 Joh.
1868 2850 1978 2900 Xi-

410 2918 671 2987 philinus.
728 2922 798 2976 L.
838 2918 920 2971 71.
965 2931 1153 2972 contra
1187 2922 1345 2973 Dion.
1385 2922 1646 2975 Cassium.
1689 2920 1825 2970 adde
1874 2921 1973 2970 Ju-

410 2989 549 3038 lium
597 2990 830 3060 Capitol,
878 2989 936 3039 in
971 2990 1178 3045 Marco.
1220 3012 1266 3041 c.
1304 2989 1576 3046 17.-2‘2.
1616 3009 1726 3060 seq.
1779 2990 1975 3044 Euseb.

410 3059 550 3108 Hist.
593 3061 738 3117 Eccl.
777 3063 842 3116 L.
883 3060 933 3113 5.
971 3079 1017 3112 c.
1050 3063 1095 3114 5.
1136 3059 1210 3130 b)
1249 3061 1521 3113 Zosimus.
1562 3063 1621 3115 L.
1667 3064 1711 3114 l.
1752 3063 1818 3124 c)
1860 3060 1972 3110 Zo-

414 3128 535 3179 sim.
575 3129 638 3186 L.
685 3129 728 3183 1.
767 3133 903 3185 Aur.
944 3129 1150 3183 Victor.
1193 3133 1248 3185 1'n
1284 3132 1429 3202 Epit.
