2097 3726
415 167 479 225 4]
502 172 536 228 8
881 173 1176 231 Ilistom'a
1224 174 1481 251 Imperii

320 349 460 407 viae
502 366 578 406 ex
622 347 920 426 sangvine
978 350 1401 407 Hem’ieoram
1458 371 1569 432 per
1631 348 1856 407 lineam
1899 344 2024 406 fine«

325 437 592 495 mineum
617 433 1091 496 descendentem
1115 481 1131 510 ,
1164 440 1228 496 in
1266 441 1720 520 Imperatorem
1753 437 2022 517 Mogun-

324 526 447 584 tiae
477 523 803 606 eligenteS‚
847 524 910 581 in
944 524 1143 585 media
1191 525 1660 610 quadragesima
1695 547 1789 583 an.
1835 528 2018 584 1158.

325 625 743 672 coronarunt:
772 611 837 690 a)
887 616 996 694 qui
1022 616 1208 673 etiam
1250 616 1585 698 imperium
1616 636 1855 674 summa
1879 634 2020 671 cum

320 700 502 760 laude
533 699 1386 787 administravitglmperium
1412 749 1426 777 ,
1450 705 1649 763 ‘varias
1692 701 1879 762 urbes
1900 724 1910 759 :
1930 701 2020 758 uti

325 789 824 871 Norinbergam‚
857 789 1206 866 Lubecam‚
1238 791 1478 850 Ulmam
1526 805 1588 852 et
1633 790 1780 850 alias
1828 793 2021 849 insta-

322 877 566 938 urando
609 879 972 952 exornavit,
1017 880 1216 960 iisque
1259 878 1525 961 gradum
1560 879 1710 941 fecit
1757 877 1832 937 ad
1883 899 2020 938 eam

321 964 745 1048 majestatem,
792 988 979 1048 quam
1017 963 1202 1027 hodie
1255 981 1485 1028 tenent.
1532 970 1852 1027 Henrieas
1903 969 2023 1024 Sec-

306 1057 548 1135 pet-bus
599 1056 682 1112 ita
726 1057 895 1113 omni
953 1076 1059 1137 spe
1120 1057 1367 1138 imperii
1424 1079 1487 1118 se
1534 1055 1842 1139 dejectum
1895 1077 2021 1115 esse

323 1143 578 1217 videm,
611 1163 757 1201 mox
824 1145 1175 1201 Conradam
1223 1144 1385 1205 bello
1425 1146 1717 1228 persequi
1773 1145 2017 1227 coepit,

322 1256 512 1316 quem
571 1231 753 1290 brevi
826 1234 1143 1291 Conradas
1212 1231 1425 1314 fugato
1495 1231 1624 1317 ejus
1681 1236 2019 1305 exercitu,

321 1336 594 1402 utroque
646 1317 876 1378 ducatu
946 1323 1223 1404 privavit
1257 1365 1272 1394 ,
1340 1322 1661 1381 Bavariam
1708 1323 2021 1396 Leopoldo

321 1410 613 1469 Austriae
660 1407 1042 1469 Marchionis
1102 1407 1265 1484 filio,
1315 1410 1647 1487 Saxoniam
1699 1431 1852 1470 vero
1904 1413 2022 1469 Al-

322 1502 496 1559 berto
563 1501 721 1555 Urso
782 1495 1135 1557 Marchioni
1202 1496 1749 1581 Brandeburgensi
1802 1511 2023 1557 contu-

322 1589 429 1662 lit,
468 1606 760 1670 quaeres
814 1585 959 1647 dein
1005 1588 1514 1670 gravissimarum
1550 1587 1879 1645 turbarum
1918 1608 2024 1644 ca-

323 1699 431 1736 usa
482 1677 709 1750 evasit,
748 1676 834 1733 sic
889 1678 1207 1733 IIenricas
1246 1675 1432 1735 rebus
1469 1674 1809 1758 desperatis
1856 1697 2023 1733 moe-

321 1786 468 1826 rore
521 1764 708 1821 animi
763 1761 910 1821 dein
974 1763 1134 1823 obiit
1196 1786 1287 1821 an.
1355 1765 1540 1846 1159.
1605 1763 1827 1823 relicto
1892 1761 2020 1820 filio

321 1855 607 1912 Iienrieo
667 1853 875 1908 Leone
933 1852 1009 1931 b)
1070 1854 1217 1912 Post
1270 1849 1415 1911 haec
1490 1852 1844 1934 Imperator
1923 1873 2026 1909 re-
2088 1864 2090 1909 1

320 1941 438 2001 bus
485 1940 859 2000 Germaniae
898 1938 1343 2022 componendis
1381 1941 1688 2013 intentus,
1734 1961 1883 1998 mox
1927 1938 2023 1996 di-

319 2028 598 2090 ficillimo
661 2026 828 2087 bello
903 2029 1125 2110 agitari
1199 2028 1461 2110 eoepit:
1530 2030 1783 2106 Gaeffics
1851 2030 2023 2089 enim

321 2117 599 2180 defuncti
644 2118 922 2174 Henrici
978 2117 1246 2192 Superbi
1301 2114 1492 2176 frater
1549 2118 1829 2197 ingentes
1887 2118 2023 2174 ani--

322 2228 428 2267 mo
476 2205 786 2287 concepit·
838 2206 960 2264 iras
1023 2204 1107 2285 ob
1179 2218 1463 2286 ereptum
1553 2226 1749 2286 puero
1822 2207 2022 2264 Leoni

322 2318 400 2355 ex
430 2293 625 2353 fratre
648 2294 865 2375 nepoti
902 2306 1231 2376 paternum
1273 2313 1574 2374 regnum,
1621 2307 1684 2354 et
1729 2294 1790 2353 in
1838 2292 2018 2374 aliam

316 2382 611 2443 familiam
642 2381 1010 2440 translatum
1042 2425 1060 2454 ,
1098 2378 1239 2442 ideo
1277 2383 1622 2459 Roget-ium
1667 2383 2021 2464 potentissi-
2086 2423 2088 2432 ·

320 2494 497 2535 mum
521 2469 770 2530 Siciliae
801 2470 1039 2552 Regem
1063 2470 1127 2528 in
1150 2470 1506 2530 societatem
1533 2469 1681 2529 belli
1714 2471 2018 2546 evocavit3

331 2581 602 2643 cumque
649 2581 765 2642 per
825 2556 1070 2641 aliquot
1126 2578 1320 2618 annos
1385 2559 1449 2616 in
1494 2557 1722 2619 Svevia
1774 2572 1837 2618 et
1894 2557 2018 2616 Ba-
2084 2598 2087 2611 .

316 2650 493 2709 varia
577 2649 754 2706 varia
831 2645 1085 2708 fortuna
1157 2659 1545 2732 pugnantum
1623 2659 1811 2721 esset,
1880 2664 2017 2704 tan-

1803 2732 1926 2795 den

392 2966 430 2999 α
449 2943 1403 3071 mea·
1471 3009 1907 3083 >
1949 2944 2012 3069 ἧς

457 3084 503 3138 7.
544 3106 588 3138 ο.
625 3085 707 3138 25.
740 3086 1003 3154 Urspei·g·.
1041 3104 1092 3156 p.
1135 3083 1250 3137 293.
