2097 3726
504 181 1288 234 Romanorum.
1551 173 1667 232 361

71 355 255 414 etiam
304 351 500 411 civilis
557 369 843 431 suprema
904 356 1170 430 potestas
1234 348 1502 407 sanctior
1553 359 1615 407 et
1673 367 1769 409 se-

70 445 282 501 curior
324 440 536 500 effecta
586 452 676 497 est
708 436 892 510 adeO,
956 449 1025 493 ut
1062 455 1207 492 cum
1246 434 1590 494 Gentilium
1631 433 1766 496 ido-

68 531 348 600 lolatria,
413 530 595 586 etiam
637 529 1095 608 Imperatorum
1120 520 1335 582 caedes
1359 536 1419 582 et
1455 523 1766 586 violentae

67 632 299 678 mortes
334 615 722 675 cessaverint.
786 615 1028 674 Verum
1068 633 1146 670 ex
1180 608 1441 670 adverso
1477 626 1763 696 respectu

66 705 333 765 hostium
368 716 774 764 externorum
817 700 971 760 adeo
1006 699 1394 760 debilitatum
1435 714 1525 758 est
1559 704 1762 783 impe-

66 797 265 867 rium,
341 805 408 849 ut
456 810 637 871 aegre
685 787 1024 848 admodum
1083 810 1145 847 se
1198 800 1413 846 contra
1465 786 1763 850 finitimos

69 879 396 940 defendere
472 877 748 953 valeret3
838 878 1153 959 Principes
1220 876 1385 935 enim
1452 898 1577 934 non
1641 875 1767 959 jam

73 969 224 1028 adeo
260 967 469 1026 furiosi
496 1009 511 1039 ,
559 987 746 1047 quam
785 964 1137 1037 imbecilleS,
1177 963 1626 1047 rempublicam
1651 989 1768 1049 per

65 1056 403 1116 Belliduces
458 1075 678 1134 gerere
739 1065 1278 1126 monstraverant,
1347 1073 1500 1135 quas
1557 1069 1767 1135 partes

65 1159 384 1225 utcunque
438 1144 879 1201 Constantinus
920 1144 1012 1208 M,
1062 1142 1355 1224 dissipare
1397 1140 1766 1219 videbatur,

67 1233 316 1292 interim
366 1243 570 1290 tamen
629 1233 742 1290 sub
793 1251 865 1290 eo
916 1228 1038 1311 jam
1087 1253 1213 1290 non
1276 1229 1579 1303 obscure,
1644 1230 1762 1290 sub

58 1320 515 1379 successoribus
576 1341 730 1379 vero
781 1318 1073 1378 salutaria
1113 1320 1206 1379 rei
1260 1318 1542 1377 militaris
1587 1320 1763 1379 insti-

58 1422 191 1467 tuta
246 1407 426 1489 plane
476 1406 955 1482 interciderant3
1017 1430 1161 1466 nam
1225 1408 1385 1465 sicut
1442 1409 1758 1466 exercitus

60 1494 321 1555 ducibus
362 1510 440 1555 -et
493 1496 842 1579 disciplina,
929 1496 1011 1553 ita
1068 1500 1531 1577 Imperatorum
1588 1496 1760 1555 aulae

57 1584 352 1643 ministris
400 1585 730 1660 carebant3
807 1604 968 1666 quae
1025 1581 1228 1640 officia
1278 1583 1503 1640 sensim
1558 1585 1762 1642 exteri

56 1673 231 1753 iique
283 1671 534 1731 barbari
607 1671 992 1742 obtinentes,
1095 1690 1420 1750 nunquam
1478 1668 1555 1729 de
1616 1666 1766 1731 hinc
1813 1746 1818 1752 ἡ

61 1762 353 1819 Romanis
397 1761 605 1819 locum
651 1771 1007 1834 cesserunt,
1076 1756 1293 1840 quales
1332 1770 1511 1818 erant
1560 1780 1766 1843 popu-

59 1847 102 1906 li
159 1846 233 1904 ad
284 1846 574 1908 Rhenum
630 1860 690 1907 et
742 1845 1105 1906 Danubium
1173 1845 1584 1919 excubantes,
1651 1850 1764 1931 qui

60 1933 183 2019 jam
228 1959 262 1993 a
306 1939 494 1996 tertio
538 1936 679 1997 inde
727 1935 936 1997 seculo
981 1934 1099 1995 sub
1152 1933 1515 1995 nominibus
1564 1935 1764 1997 Saxo-

58 2045 247 2097 num,
292 2025 712 2098 Francorum,
760 2024 1298 2096 Alemannorum,
1356 2022 1760 2105 Burgundio-

54 2133 239 2187 num,
271 2113 701 2174 Vandalorum
736 2125 796 2173 et
832 2110 1186 2173 Gothorum
1224 2127 1754 2195 comparuerunt3

62 2221 141 2258 ex
188 2200 423 2281 quibus
480 2202 622 2262 licet
660 2215 730 2261 ut
773 2200 1087 2272 hostibUS,
1147 2215 1353 2262 tamen
1411 2201 1761 2284 Imperato-

61 2309 160 2346 res
194 2289 492 2364 Romani,
539 2288 726 2351 duces
759 2305 826 2359 ,et
858 2291 1063 2374 copias
1086 2337 1100 2364 ,
1151 2292 1277 2350 imo
1313 2304 1376 2350 et
1412 2289 1588 2351 aulae
1622 2313 1759 2351 mo·-

57 2374 374 2435 deratores
421 2377 708 2459 legebant
763 2401 890 2438 non
943 2378 1050 2437 abs
1093 2377 1367 2461 pudore:
1432 2400 1576 2439 nam
1622 2382 1755 2464 ipse

70 2465 509 2522 Constantinus
545 2469 636 2523 M.
675 2466 983 2527 Vandalos
1026 2466 1102 2525 ad
1147 2467 1510 2526 Danubium
1550 2471 1751 2528 consi-

63 2550 212 2612 dere
237 2598 252 2626 ,
289 2551 522 2612 Gothos
556 2575 706 2612 vero
733 2552 1180 2636 Stipendiarios
1213 2551 1442 2615 habere
1480 2577 1607 2615 non
1643 2557 1752 2616 ab-

61 2637 336 2702 horruit:
386 2642 494 2723 qui
533 2641 708 2700 brevi
749 2663 1012 2723 regnum
1059 2643 1221 2701 ultra
1256 2644 1607 2703 Danubium
1645 2668 1752 2704 ex-

59 2731 347 2790 citarunt.
427 2729 712 2812 Amplius
757 2729 957 2788 adhuc
994 2752 1219 2790 nervos
1254 2732 1506 2813 Imperii
1553 2734 1750 2790 succi-

58 2816 151 2875 dit
208 2819 678 2891 Constantinus,
745 2817 951 2878 sedem
989 2819 1460 2900 Imperatoriam
1512 2819 1747 2899 Byzan-

58 2907 216 2965 tium
241 2905 672 2967 transferendo
694 2952 709 2979 ,
757 2909 907 2967 item
939 2905 1210 2988 legiones
1246 2920 1606 2980 veteranaS,
1639 2930 1748 2966 an-

60 3008 155 3055 tea
193 2995 269 3055 ad
310 2992 604 3058 Rhenum
650 3009 712 3056 et
752 2995 1111 3143 Danlubium
1144 2997 1402 3082 Imperii
1444 2993 1595 3143 Ηηῗε
1639 2994 1747 3058 de-

1551 3104 1660 3144 en-
