2097 3726
383 215 500 275 150
775 212 1383 269 Historia

664 601 1250 753 Caput
1372 604 1593 709 III.

277 846 594 905 Exhibeas
645 847 1016 902 Isi-storiam
1055 846 1474 903 monarchiae
1513 848 1839 904 Romanae
1881 847 1992 902 sul)

455 934 956 1010 Imperatoribzcs
1104 936 1483 991 Christianis
1506 957 1532 1005 ,·
1663 938 1995 1011 signanter

452 1045 630 1080 omne
675 1025 834 1081 illud
861 1034 1102 1097 tempus
1123 1068 1143 1095 ,
1210 1045 1336 1100 qao
1375 1044 1496 1081 uno
1532 1028 1658 1082 solo
1703 1025 1996 1098 Imperam

455 1123 595 1169 tore
649 1111 815 1168 orbis
867 1113 1191 1168 Romanus
1245 1113 1623 1189 regebatur,
1683 1132 1901 1186 nempe
1955 1133 1996 1166 a

465 1202 874 1258 Constantino
915 1200 1008 1256 M
1057 1221 1250 1276 usqae
1300 1203 1387 1256 ad
1426 1202 1657 1259 obitum
1725 1202 1994 1257 Theodo-

455 1291 534 1347 sii
566 1289 658 1346 M.
698 1308 803 1344 seu
837 1288 1098 1363 Imperii
1135 1289 1525 1364 divisionem,
1569 1290 1647 1347 ab
1681 1309 1841 1345 armo
1883 1289 1992 1348 Cle.

458 1374 601 1439 306.
643 1397 837 1455 usque
874 1397 931 1442 α,
979 1376 1127 1460 595.

279 1809 326 1888 §.
383 1810 433 1867 1.
483 1737 989 1881 Geograplzico
1055 1809 1392 1866 Statistica
1476 1811 1644 1866 notio
1718 1811 1994 1885 Imperii.

282 1895 715 1955 Vastissimum
759 1893 1116 1965 Romanum
1158 1896 1503 1978 Imperium
1550 1917 1655 1955 sua
1699 1900 1762 1954 in
1810 1911 1994 1979 pote-

279 1996 435 2045 state
476 1980 1009 2064 complectebatur
1048 1997 1243 2042 totam
1277 1983 1512 2043 Italiam
1539 2030 1554 2060 ,
1603 1985 1991 2066 Hispaniam,

278 2071 580 2145 Galliam,
629 2071 1051 2145 Britanniam,
1099 2072 1536 2145 Germaniam,
1579 2074 1995 2147 Pannoniam,

278 2159 597 2232 Africam,
639 2159 788 2217 item
835 2156 1047 2219 Asiam
1089 2161 1398 2220 minorem
1424 2206 1440 2235 ,
1487 2162 1617 2219 sive
1656 2161 1993 2232 Natoliam,

281 2248 625 2319 Arabiam,
691 2246 975 2326 Syriam,
1035 2248 1437 2331 Aegyptum,
1501 2248 1810 2327 Lybiam,
1878 2271 1993 2307 va-

281 2338 405 2397 rias
449 2339 597 2396 item
637 2335 699 2394 in
738 2335 989 2418 Europa
1041 2337 1350 2418 Regiones
1395 2333 1469 2394 ad
1510 2336 1870 2396 Danubium
1908 2339 1994 2396 si-

280 2439 389 2485 tas.
455 2425 614 2496 Quia
648 2443 802 2482 vero
850 2425 1302 2484 Constantinus
1346 2427 1439 2484 M.
1477 2422 1684 2484 sedem
1717 2426 1988 2486 Romani

280 2513 574 2596 Imperii,
620 2511 899 2570 Romana
945 2534 1023 2571 ex
1074 2512 1289 2585 Urbe,
1338 2514 1704 2593 Byzantium
1757 2515 1988 2574 Roma-

283 2604 424 2661 niae
459 2600 827 2660 Provinciae
869 2600 1112 2660 Urbem
1151 2602 1562 2686 transposuit3
1610 2624 1769 2684 quae
1808 2605 1990 2661 initio

283 2694 469 2749 Nova
503 2691 741 2762 Roma,
789 2685 1025 2749 tardius
1066 2701 1275 2750 tamen
1318 2712 1352 2747 a
1382 2691 1850 2762 restauratoriS,
1883 2704 1992 2749 aut

283 2775 749 2862 amplificatoris
804 2779 1060 2838 nomine
1136 2777 1703 2860 Constantinopolis
1741 2818 1744 2822 ⁴
1779 2782 1990 2837 vocari

284 2869 527 2952 coepit3
622 2886 657 2922 a
712 2887 840 2948 quo
889 2879 1171 2950 tempore
1220 2868 1408 2927 etiam
1453 2864 1688 2947 Aquila
1742 2869 1990 2948 Insigne

287 2954 555 3016 Romani
590 2952 847 3036 Imperii
884 2953 1098 3038 biceps
1136 2957 1458 3038 pingitur,
1499 2952 1823 3035 designans
1864 2957 1992 3013 Im-

294 3045 451 3124 perii
512 3039 717 3103 sedem
761 3040 1222 3106 Occidentalem
1269 3054 1331 3102 et
1380 3041 1796 3101 Orientalem:
1846 3042 1985 3103 ideo

1748 3126 1896 3188 haec
