2097 3726
410 197 524 263 16ss
847 200 1453 260 IIistoria

305 371 476 432 lisset
513 370 753 444 sedem,
794 386 856 431 et
890 372 1237 437 distributis
1278 399 1391 459 per
1429 379 1635 440 Urbes
1671 380 1992 454 militibus,

314 460 542 517 limites
592 460 912 540 praesidiis
959 469 1085 526 suis.
1122 463 1424 526 nudasset.
1499 468 1729 527 Verum
1770 471 2000 542 Roma,

309 567 508 627 quum
567 543 691 628 jam
742 570 775 606 a
823 551 1032 613 multis
1087 556 1486 635 superiorum
1542 559 2001 639 Imperatorum

306 636 417 691 vix
476 654 758 718 unquam
811 637 1124 716 adiretur,
1210 640 1444 701 dudum
1507 643 1706 703 robur
1750 646 1997 727 imperii

304 724 715 804 praecipuum
771 741 982 810 suapte
1023 733 1086 787 in
1126 751 1194 789 ea
1248 751 1375 791 esse
1425 730 1726 792 desierat:
1791 755 1997 814 neque

305 830 376 868 ea
419 810 569 870 situs
606 825 668 872 et
709 820 1067 876 commercii
1115 823 1539 900 oportunitate
1581 823 2002 880 constantino-

304 895 500 978 polim
540 901 860 981 aequabat.
908 905 1113 965 Limes
1152 928 1305 965 vero
1348 910 1594 990 imperii
1642 922 1871 990 quanta
1904 908 2001 966 di-

299 983 556 1068 ligentia
598 989 676 1047 ab
721 1011 793 1049 eo
846 991 965 1051 suit
996 992 1369 1069 custoditus,
1419 1000 1684 1078 repressi
1719 995 1998 1078 undique

299 1087 363 1132 et
399 1078 598 1156 pacati
643 1077 760 1136 sub
802 1101 875 1138 eo
934 1080 1193 1139 barbari
1232 1098 1596 1163 argumento
1641 1097 1797 1144 sunt.
1865 1084 1995 1142 Alii

297 1163 448 1222 item
481 1163 703 1222 volunt
734 1187 877 1226 eum
917 1182 986 1226 ut
1022 1166 1218 1227 adhuc
1259 1172 1323 1226 in
1358 1168 1475 1231 fide
1515 1175 1854 1246 novitium,
1903 1175 1999 1231 in-

301 1262 398 1309 ter
456 1248 761 1312 haeresim
812 1258 993 1331 Arii,
1059 1270 1121 1315 et
1175 1255 1605 1318 Orthodoxarn
1660 1262 1997 1319 Anastasii

299 1335 487 1398 fidem
517 1385 532 1412 ,
583 1342 845 1400 dubium
882 1342 1172 1405 haesisse:
1225 1367 1414 1427 quam
1454 1350 1813 1430 opinionem
1855 1351 1996 1407 satis

301 1424 536 1488 refellit
611 1427 886 1511 ejusdem
952 1434 1368 1493 Decretorum
1442 1434 1706 1494 Concilii
1773 1437 1994 1496 Niceni

296 1515 566 1574 mascula
628 1517 919 1579 defensio.
1005 1523 1237 1581 Justius
1302 1520 1781 1604 reprehenditur
1844 1527 1995 1582 Con—

297 1607 615 1663 stantinus
668 1604 745 1666 de
790 1612 1117 1693 praecipiti
1168 1614 1375 1686 Crispi
1422 1610 1533 1670 filii
1578 1614 1850 1672 Caesaris
1889 1634 1996 1671 ne-

294 1710 403 1764 ce,
469 1689 643 1775 cujus
689 1708 895 1755 tamen
946 1698 1478 1760 calumniatricem
1531 1704 1840 1758 Faustam
1881 1723 1995 1759 no—

296 1799 581 1854 vercam,
627 1802 770 1840 cum
815 1782 959 1843 dein
1003 1788 1067 1843 in
1104 1786 1414 1846 adulterio
1457 1786 1994 1870 deprehendisset,

297 1864 507 1927 balnei
540 1868 750 1929 calore
790 1872 987 1930 occidi
1028 1872 1216 1956 jussit.
1267 1875 1350 1953 a)

482 1976 535 2013 2.
593 1959 1073 2034 Constantinm,
1133 1965 1533 2020 Constantius
1568 1977 1630 2022 et
1689 1965 1991 2020 Constans

294 2059 418 2106 tres
478 2044 869 2105 Constantini
929 2052 1024 2107 M.
1088 2048 1197 2108 filii
1249 2073 1325 2111 ex
1384 2063 1746 2110 testamento
1801 2054 1990 2133 patris

290 2135 574 2209 Augusti
626 2137 1014 2210 renunciati,
1075 2160 1223 2196 mox
1277 2141 1677 2196 Delmatiam
1735 2142 1991 2196 IIanni-

290 2223 529 2279 baliani
575 2220 814 2296 filium,
878 2246 1064 2306 quem
1132 2229 1576 2284 Constantinus
1633 2230 1723 2285 M.
1775 2220 1995 2285 Caesa-

289 2330 424 2368 rem
463 2311 926 2386 nominaverat,
969 2315 1221 2373 militari
1263 2314 1528 2373 factione
1565 2335 1597 2372 e
1633 2313 1835 2375 medio
1868 2315 1993 2373 suf-

288 2395 595 2471 ferenteS,
662 2402 996 2480 imperium
1054 2404 1218 2462 inter
1257 2424 1318 2462 se
1363 2406 1440 2461 ita
1482 2401 1860 2463 diviserunt:
1922 2416 1990 2461 ut

294 2486 696 2544 Constantino
757 2489 1168 2571 transalpinae
1209 2492 1573 2572 provinciae
1625 2513 1763 2550 cum
1812 2506 1988 2573 parte

285 2572 568 2643 Africae,
629 2579 991 2635 Constantio
1026 2578 1327 2653 Thracia,
1376 2580 1605 2638 'Moesia
1653 2602 1796 2638 cum
1843 2581 1986 2637 Ori-

290 2673 466 2735 ente,
536 2657 826 2746 Aegypto
870 2680 932 2724 et
974 2666 1268 2746 Cyrenis3
1333 2667 1576 2748 reliqua
1628 2690 1779 2728 vero
1835 2669 1986 2724 Con-

281 2754 481 2809 stanti
538 2751 950 2829 obvenirent,
1025 2755 1110 2833 ὐ)
1174 2758 1265 2813 uti
1314 2755 1485 2814 Italia
1533 2776 1677 2813 cum
1729 2754 1981 2814 Africae

1754 2866 1894 2925 par—

351 2958 423 3030 a)
467 2960 665 3014 Victor.
704 2962 854 3033 Epit.
907 2984 954 3019 c.
997 2963 1078 3016 41.
1133 2965 1463 3030 Philoetorg.
1525 2964 1582 3014 L.
1611 2962 1656 3013 2.
1716 2983 1761 3013 c.
1801 2962 1844 3014 4.
1912 2961 1978 3033 b)

432 3029 637 3085 Zosim.
679 3033 740 3087 L.
788 3033 837 3087 2.
884 3054 928 3084 e.
975 3033 1057 3086 39.
1097 3036 1352 3087 Zonaras.
1407 3035 1468 3090 L,
1508 3032 1586 3085 13.
1640 3056 1685 3086 c.
1737 3034 1783 3085 5.
1840 3036 1974 3084 Aur.

436 3099 636 3151 Victor.x
672 3103 835 3171 paulo
876 3103 1051 3156 aliter.
