2097 3726
370 258 482 321 118
808 255 1411 312 Ilistorza

260 433 532 491 *Romam
592 428 674 506 a)
737 426 1027 488 triduano
1084 429 1372 490 incendio
1429 428 1609 488 foede
1678 445 1973 491 vastatam

259 517 593 602 magnifice
629 519 918 577 restituit.
970 522 1102 576 Dio
1148 521 1379 580 refert:
1429 521 1747 577 neminem
1785 542 1974 602 pror-

264 629 364 666 sus
406 606 524 665 sub
563 602 694 684 ejus
733 608 998 689 imperio
1031 621 1235 668 morte
1274 608 1457 666 fuisse
1494 608 1799 672 affectum,
1852 608 1974 667 Sed

263 696 538 755 brevitas
594 692 724 778 ejus
765 698 967 769 vitae,
1040 708 1280 755 tantum
1325 697 1556 755 bonum
1606 697 1973 756 mortalibus

265 785 614 867 surripuit,
698 805 860 842 anno
913 785 1081 843 enim
1131 787 1378 868 imperii
1429 786 1615 843 tertio
1677 782 1969 858 decessit,

266 874 506 932 cunctis
548 872 643 933 sui
687 871 1065 932 desiderium
1105 873 1487 956 relinquens.

449 977 546 1020 11.
617 962 1027 1020 Domitianas
1062 961 1259 1022 frater
1304 965 1438 1021 Titi
1461 1005 1477 1033 ,
1549 960 1669 1020 Vir
1706 959 1976 1021 crudelis

270 1066 330 1112 et
375 1051 642 1131 impius,
713 1052 825 1132 qui
880 1049 1161 1132 quotidie
1210 1071 1447 1109 muscas
1495 1047 1975 1123 interficiendO,

266 1138 706 1199 crudelitatem
744 1140 805 1197 in
841 1136 1121 1198 homines
1156 1137 1342 1197 exilio
1385 1140 1688 1198 exercitio
1725 1136 1973 1197 didicit:

268 1230 381 1311 qui
447 1226 629 1286 brevi
683 1228 1030 1287 simulatam
1097 1223 1550 1286 humanitatem
1615 1225 1975 1307 deponenS,

267 1317 634 1398 gravissime
673 1313 1053 1376 Christianos
1095 1330 1157 1375 et
1194 1315 1489 1374 Eruditos
1523 1316 1598 1394 h)
1639 1336 1976 1398 perseque-

261 1407 448 1464 batur
476 1448 491 1477 ‚
555 1405 845 1487 ipsosque
882 1407 1197 1464 Romanos
1235 1405 1610 1488 sumptuosis
1653 1417 1973 1485 spectacu-

261 1495 334 1553 lis
376 1508 439 1552 et
481 1491 843 1553 crudelibus
885 1494 1081 1567 ludis,
1127 1494 1258 1551 aliis
1294 1496 1444 1552 item
1486 1490 1762 1552 malitiae
1787 1513 1975 1573 gene-

260 1581 436 1641 ribus
479 1583 748 1640 vexavit.
814 1581 893 1661 c)
957 1584 1029 1643 In
1068 1583 1391 1642 Britannia
1435 1604 1550 1665 per
1590 1582 1714 1644 Jal,
1774 1581 1975 1657 sigri-

263 1675 464 1728 colam
515 1667 593 1728 ad
645 1692 743 1727 an.
802 1673 900 1747 87.
951 1693 1202 1751 magnas
1246 1693 1344 1731 res
1382 1672 1581 1753 gessit.
1659 1670 1751 1730 De
1795 1668 1974 1726 Dacis

232 1773 514 1832 -autem,
578 1757 724 1816 licet
788 1756 1177 1843 triumphum
1242 1772 1719 1842 reportaverat,
1770 1772 1973 1816 tamen

260 1870 408 1906 eum
450 1867 670 1927 magna
712 1847 1145 1907 Romanorum
1177 1846 1348 1908 clade
1383 1843 1616 1906 bellum
1657 1867 1856 1927 usque
1895 1845 1973 1904 ad

276 1938 551 2008 Trajam‘
592 1945 878 2017 tempora
932 1949 1326 2019 protractum
1386 1949 1492 1995 est.
1564 1935 1643 2014 cl)
1706 1935 1969 1993 Interim

266 2026 668 2105 Magistratus
726 2021 1050 2099 Urbano&
1117 2040 1179 2084 et
1236 2023 1553 2084 Praesides
1615 2024 1973 2106 provincia-

265 2137 410 2174 rum
447 2111 602 2172 adeo
651 2113 717 2170 in
771 2114 968 2171 officio
1017 2116 1362 2187 continuit,
1433 2128 1505 2171 ut
1548 2111 1817 2193 amplius
1857 2132 1971 2170 nee

259 2200 699 2275 modesti01·eS‚
784 2222 898 2260 nec
936 2197 1225 2283 justiores
1273 2203 1644 2262 exstiterint.
1717 2198 1971 2257 Calum-

261 2295 535 2352 niatores
580 2291 863 2348 maximis
906 2292 1122 2372 poenis
1163 2291 1398 2367 af‘seeit3
1476 2290 1803 2348 Senatores
1855 2287 1971 2345 sal-

262 2379 434 2438 tandi
476 2375 684 2438 studio
725 2374 999 2437 addictos
1027 2425 1042 2454 ,
1104 2380 1335 2439 Senatu
1380 2380 1668 2438 removit.
1730 2373 1831 2436 Ad
1875 2374 1970 2433 ul—

260 2472 483 2529 timum
527 2463 800 2525 humano
840 2462 1080 2527 honore
1124 2491 1249 2527 non
1294 2479 1657 2541 contentus,
1722 2487 1787 2524 se
1831 2467 1970 2523 Do—

263 2562 497 2616 minum
539 2566 600 2611 et
648 2558 860 2613 Deam
901 2557 1261 2639 compellari
1302 2554 1511 2638 jussit3
1560 2558 1687 2614 imo
1736 2557 1797 2613 in
1838 2551 1969 2611 edi-

261 2650 375 2707 ctis
405 2647 544 2720 ‘suis
581 2644 887 2728 perscribi
927 2644 1140 2705 voluit.
1189 2648 1502 2705 Dominus
1537 2656 1598 2702 et
1633 2648 1814 2704 Deus
1853 2661 1965 2697 ηο-

1710 2742 1876 2804 ster,

329 2905 408 2970 a)
461 2900 683 2953 Sveton.
734 2901 883 2954 Tito.
934 2923 981 2956 c.
1031 2904 1083 2959 8.
1136 2905 1207 2977 b)
1261 2906 1481 2958 Sveton.
1527 2903 1582 2954 in
1629 2901 1993 2953 Domitiano.·

405 2991 453 3022 c.
502 2969 548 3021 9.
593 2970 680 3023 40.
730 2972 872 3027 Plin.
913 2974 1046 3044 juni.
1108 2977 1170 3031 L.
1208 2975 1258 3032 7.
1309 2978 1409 3046 Ep.
1451 2973 1539 3027 19.
1600 2971 1672 3043 c)
1732 2971 1954 3022 Sveton.

403 3061 450 3095 c,
489 3038 575 3097 11.
626 3041 844 3111 Xiphil.
880 3061 907 3093 e
951 3046 1140 3099 Dione.
1189 3047 1250 3098 L.
1284 3045 1373 3100 67.
1419 3044 1487 3110 cl)
1538 3043 1714 3094 Tacit.
1755 3042 1811 3092 in
1851 3046 1959 3093 vita

401 3112 702 3233 Agrlidcoflxaje.
740 3131 787 3164 e.
812 3109 894 3166 18.
927 3133 1040 3186 seq.
1078 3117 1295 3169 Sveton.
1328 3133 1370 3167 c.
1411 3114 1459 3167 6.
1497 3112 1713 3185 Xiphil.
1753 3128 1779 3161 e
1818 3112 1954 3162 Dio-

403 3198 468 3230 ne
550 3218 561 3231 .
667 3220 682 3234 .
