2097 3726
496 207 1293 262 Romanorum.
1584 203 1667 262 55

46 404 149 441 sco
195 390 527 463 regnante,
571 376 787 436 Tuscis
826 373 973 437 inde
1009 373 1201 460 pulsis
1241 391 1710 461 occupaverant
1733 422 1752 452 ‚

48 491 210 553 quae
262 483 474 553 postea
522 465 723 524 Gallia
766 464 1080 548 Cisalpina
1124 463 1289 524 dicta
1345 467 1518 545 est,)
1588 487 1757 526 nunc

47 572 265 618 contra
317 557 600 616 Clusinos
660 552 963 613 bellantes
1010 552 1196 636 plane
1257 555 1456 634 ipsam
1506 556 1750 615 Urbem

44 646 439 720 obsiderent3
483 664 632 704 mox
667 642 933 701 Romani
967 641 1045 700 ad
1083 639 1289 701 hostes
1328 640 1437 702 hos
1474 646 1748 704 invicem

47 734 500 805 conciliandos,
549 744 676 790 tres
722 732 952 788 Fabios
995 750 1136 790 suos
1180 730 1444 812 Legatos
1489 737 1554 792 in
1604 732 1755 791 Clu-

47 825 253 883 sinum
285 822 527 882 Urbem
564 821 905 893 miserunt,
971 841 1024 877 a.
1070 819 1149 877 U.
1198 818 1263 876 C.
1321 820 1465 880 563.
1526 842 1754 881 verum

45 909 110 970 hi
149 912 368 994 Legati
415 911 528 992 qui
561 929 776 991 pacem
817 928 1196 991 componere
1249 904 1639 983 debuissent,
1687 930 1754 970 se

46 998 469 1060 Clusiensibus
520 1010 739 1056 contra
789 995 1002 1056 Gallos
1053 994 1239 1057 duces
1290 996 1754 1079 praebuerunt3

47 1088 278 1170 quibus
326 1086 488 1146 Galli
542 1100 858 1168 tamquam
914 1086 1084 1144 Juris
1138 1085 1436 1145 Gentium
1488 1085 1755 1146 violato-

48 1178 225 1236 ribus
263 1173 671 1237 vehementer
712 1174 930 1233 offensi
956 1217 972 1245 ,
1030 1196 1179 1233 mox
1217 1173 1337 1232 sibi
1367 1173 1476 1234 hos
1517 1174 1754 1256 legatos

49 1263 367 1325 extradari
397 1265 754 1349 petierunt,
814 1261 986 1344 quod
1026 1263 1294 1322 Romani
1323 1261 1529 1323 facere
1565 1285 1755 1323 renu-

49 1368 259 1427 enteS,
327 1356 459 1414 imo
490 1353 699 1412 electis
745 1350 1047 1410 Tribunis
1084 1350 1358 1410 militum
1396 1350 1606 1411 Gallos
1651 1375 1755 1410 ar-

49 1444 166 1501 mis
209 1439 585 1524 frangendos
608 1438 1060 1514 decreverunt,
1096 1440 1326 1521 quibus
1349 1439 1756 1523 apparatibus

48 1531 213 1590 Galli
253 1534 446 1613 magis
488 1531 760 1601 irritati,
831 1531 896 1586 in
951 1529 1266 1588 Romanos
1323 1550 1498 1586 arma
1545 1542 1758 1594 verte-j

49 1634 234 1693 runt,
282 1640 633 1701 eorumque
677 1619 873 1700 copiis
911 1614 989 1674 ad
1030 1618 1275 1674 Alliam
1318 1614 1583 1675 fluvium
1619 1637 1757 1678 cae-

48 1710 169 1782 siS,
248 1707 496 1768 Urbem
552 1708 819 1765 Romam
876 1707 1132 1762 Brenno
1190 1703 1348 1766 duce
1410 1703 1758 1781 invadunt,

50 1809 297 1880 captam
327 1793 814 1868 succenderunt,
882 1816 932 1851 a,
975 1794 1054 1852 U.
1090 1792 1155 1851 C.
1200 1792 1343 1855 565.
1389 1796 1517 1854 imo
1550 1796 1759 1878 ipsum

50 1885 469 1968 Capitolium,
536 1905 664 1966 quo
705 1904 770 1943 se
813 1881 924 1943 flos
957 1884 1230 1942 civitatis
1270 1897 1596 1967 receperat
1643 1883 1761 1944 ob-

51 1974 364 2034 sederunt.
413 1973 500 2051 a)
548 1974 688 2045 Quo
723 1985 1010 2055 tempore
1049 1973 1333 2055 peritura
1364 1971 1581 2034 fuisset
1624 1973 1759 2033 Ro-

52 2087 234 2121 mana
292 2062 687 2145 respublica,
768 2062 887 2120 nisi
946 2062 1250 2119 Camillus
1299 2053 1554 2124 Ardeae
1606 2084 1761 2123 exu-

52 2152 183 2211 lans
209 2198 225 2226 ,
287 2155 352 2211 in
385 2151 498 2211 hac
551 2165 834 2211 extrema
872 2149 1260 2227 calamitate,
1337 2150 1760 2234 quorumdam

53 2240 423 2303 dexteritate
479 2243 711 2301 iterum
754 2240 1041 2299 Dictator
1094 2253 1339 2300 creatus
1383 2238 1630 2302 fuisset:
1697 2254 1763 2300 et

53 2331 172 2387 nisi
214 2332 499 2387 Manlius
543 2328 778 2390 ibidem
810 2329 1143 2390 exstitisset
1177 2328 1257 2389 ad
1299 2328 1619 2411 clangores
1647 2352 1760 2388 an-

56 2440 302 2495 serum,
363 2431 538 2477 certo
581 2417 740 2476 clam
793 2417 874 2476 ab
930 2415 1370 2478 invadentibus
1417 2417 1613 2479 Gallis
1657 2439 1759 2478 ca-

59 2521 238 2590 ptum
296 2504 510 2567 fuisset
558 2505 971 2589 Capitolium,
1049 2505 1302 2567 tandem
1348 2506 1763 2568 invalescente

58 2593 221 2657 fame
267 2617 391 2680 pax
441 2607 585 2678 post
632 2607 870 2677 septem
925 2615 1168 2655 menses
1217 2594 1497 2657 redemta
1547 2608 1640 2657 est
1689 2617 1760 2656 ea

57 2683 222 2768 lege:
271 2698 344 2744 ut
389 2682 560 2744 mille
602 2681 813 2766 pondo
849 2684 987 2741 auri
1022 2681 1215 2743 Gallis
1254 2682 1600 2767 penderent
1631 2685 1763 2743 Ro-

59 2775 274 2849 mani,
322 2775 473 2834 item
505 2784 575 2831 ut
615 2770 779 2831 Galli
818 2771 998 2832 Urbe
1037 2784 1098 2831 et
1136 2793 1289 2855 agro
1326 2773 1612 2832 Romano
1651 2792 1765 2833 ex-

875 2879 910 2918 c
1571 2881 1675 2922 ce-

136 3032 211 3106 a)
250 3034 461 3092 Livius,
494 3036 556 3087 L.
593 3034 649 3091 5.
681 3053 730 3089 c.
762 3031 914 3086 19-
937 3030 1018 3085 24.
1061 3050 1117 3103 p.
1148 3030 1490 3085 409.—423.
1527 3031 1759 3084 Diodor.

206 3104 272 3162 L.
306 3103 393 3165 14.
424 3126 476 3181 p.
511 3103 635 3165 453.
666 3102 951 3162 Plutarch.
986 3104 1044 3157 in
1073 3102 1325 3157 Camilla
1359 3122 1417 3177 p.
1454 3101 1573 3158 137.
1610 3121 1763 3176 seqq.
