2097 3726
1555 111 1585 132 7⁸⁹

574 110 842 167 Romani
892 110 1258 165 Germanici.
1552 109 1675 171 :255

65 283 144 345 ad
180 305 323 344 eum
363 284 779 344 mitterentur.
845 283 945 341 Sic
989 285 1172 343 Irene
1211 284 1595 369 Imperatrix
1638 312 1766 349 non

65 372 253 434 modo
294 373 369 432 ad
407 372 840 433 renovandum
882 369 1136 446 foedus,
1199 388 1264 434 et
1302 376 1771 438 concedendum

65 464 411 545 Imperium
471 460 850 521 occidentale
912 460 1142 543 legatos
1216 484 1356 523 suos
1410 465 1768 548 expedivit,

65 550 173 613 sed
218 553 406 610 etiam
465 549 828 632 conjugium
874 551 991 632 ipsi
1047 550 1291 610 obtulit.
1377 557 1772 630 Ass'eeplzorus

66 637 409 700 fraternam
459 661 531 698 ac
570 654 940 722 perpetuam
975 661 1190 723 pacem
1239 662 1381 699 cum
1424 665 1497 701 eo
1540 646 1773 718 inivit,

67 730 155 808 a)
212 750 400 809 quam
454 742 516 787 et
585 730 927 804 Niceplzorc'
992 749 1304 788 successor
1363 729 1773 792 confirmavit.

66 818 394 878 Persarum
433 818 619 876 etiam
660 818 800 877 Rex
852 815 1193 876 honorifica
1234 817 1542 900 legatione
1593 843 1781 881 exco-

67 904 220 978 luit,
268 907 719 987 exquisitisque
755 905 1119 966 muneribus
1159 903 1531 982 honoravit,
1581 912 1778 970 inter-

69 1016 196 1076 que
251 1008 386 1054 erat
437 992 836 1077 horologium
889 1017 967 1055 ex
1029 992 1382 1055 aurichalco
1430 999 1589 1056 mira
1642 1014 1777 1060 arte

73 1081 430 1141 mechanica
475 1082 843 1143 confectum.
893 1083 971 1162 b)
1021 1084 1114 1142 ΕΧ
1147 1083 1362 1143 Africa
1397 1088 1582 1145 etiam
1616 1087 1779 1166 lega-

70 1173 121 1229 ti
166 1187 690 1254 comparuerunt,
741 1176 904 1233 inter
944 1172 1063 1230 alia
1097 1173 1389 1256 reliquias
1425 1176 1781 1256 Martyrum

70 1258 434 1328 adferentes,
519 1260 878 1321 Patriarclia
929 1262 1531 1344 Hierosolymitanus
1579 1264 1781 1325 eidem

69 1350 241 1408 misit
291 1349 491 1408 claves
539 1351 748 1410 Sancti
815 1348 1180 1434 Sepulchri,
1251 1364 1312 1411 et
1365 1352 1575 1411 Urbis
1647 1358 1779 1413 Leo

73 1460 228 1497 vero
276 1436 562 1498 Pontifex
597 1441 841 1521 rogavit
885 1462 1056 1499 eum:
1102 1453 1174 1498 ut
1212 1441 1523 1501 Romanos
1566 1445 1628 1500 in
1660 1442 1783 1504 fide

72 1526 478 1586 confirmaret
546 1529 615 1608 c)
663 1530 784 1600 Qui
829 1530 1014 1587 etiam
1049 1550 1331 1610 magnam
1370 1527 1645 1610 justitiae
1675 1531 1786 1589 ad·-

76 1615 520 1676 ministrandae
555 1618 864 1676 rationem
896 1614 1128 1675 hahens
1151 1663 1166 1691 ,
1204 1617 1339 1699 lege
1381 1621 1576 1678 vetuit
1601 1619 1787 1702 quid-

73 1724 266 1785 quam
301 1703 598 1764 mendicis
637 1719 698 1766 et
726 1703 1115 1788 vagabundis
1136 1704 1369 1779 tribui,
1404 1728 1624 1766 verum
1660 1707 1789 1791 jus-

72 1794 153 1850 sit
198 1815 387 1852 unam
439 1816 758 1877 quamque
814 1795 1139 1870 regionem
1192 1815 1330 1853 suos
1382 1794 1548 1856 alere
1602 1801 1789 1858 mise-

71 1902 218 1954 rOS,
278 1880 424 1941 ideo
468 1897 810 1966 proventus
846 1882 1264 1944 Ecclesiarum
1308 1884 1367 1942 in
1412 1898 1535 1945 tres
1574 1901 1784 1970 partes

76 1967 325 2029 divisit:
377 1970 462 2050 cl)
510 1985 573 2031 et
618 1971 769 2031 duas
813 1974 1060 2054 egenis,
1107 1994 1298 2031 uuam
1349 1995 1502 2034 vero
1543 1990 1788 2058 partem

72 2058 502 2120 sacerdotibus
530 2060 838 2120 attribuit.
890 2062 1123 2121 Severe
1155 2063 1302 2121 item
1343 2059 1672 2145 prohibuit
1711 2087 1789 2125 ne

73 2149 214 2229 quis
263 2147 526 2209 alterum
571 2149 646 2208 ad
691 2150 1030 2233 potandum
1075 2164 1483 2233 provocaret,
1533 2156 1789 2237 insuper

75 2235 323 2295 ebrium
347 2282 362 2310 ,
409 2236 701 2320 deinceps
740 2260 966 2319 aquam
1003 2253 1225 2322 potare
1264 2242 1484 2323 coegit.
1533 2243 1789 2323 Longo—

78 2322 429 2401 bardorum
475 2325 638 2406 leges
684 2327 990 2406 congessit
1034 2340 1097 2386 et
1142 2327 1469 2387 observari
1523 2353 1788 2414 praece-

76 2413 204 2494 pit3
274 2415 728 2495 constituitque
768 2428 838 2472 ut
876 2415 939 2471 in
982 2416 1153 2473 omni
1202 2419 1462 2497 regione
1513 2441 1787 2480 summus

77 2498 362 2561 sacerdos
400 2515 462 2561 et
497 2503 756 2563 Praetor
793 2515 888 2563 ter
924 2505 1094 2562 omni
1121 2525 1284 2563 anno
1314 2504 1390 2563 ad
1428 2506 1466 2564 J
1473 2529 1538 2567 us
1577 2507 1791 2568 dicen-

1547 2595 1699 2655 dum

148 2760 224 2824 a)
264 2761 339 2812 De
376 2762 546 2814 Ircnis
593 2772 647 2814 et
681 2761 985 2833 Nicephori
1019 2761 1208 2832 legatis
1245 2773 1539 2821 testantur.
1571 2765 1787 2836 Regino

153 2839 156 2842 ⁴
221 2833 584 2888 PuminensiS.
638 2833 896 2885 Annales.
953 2833 1178 2886 Fulden.
1246 2836 1552 2891 Aimoinus,
1610 2837 1671 2889 L.
1735 2837 1788 2889 4.

225 2921 271 2954 c.
309 2901 394 2955 91.
435 2903 667 2959 Miscell.
715 2904 778 2955 L.
829 2902 912 2956 23.
958 2906 1284 2961 Aventinum.
1340 2904 1409 2972 b)
1469 2906 1698 2977 Regino,
1735 2917 1790 2959 et

223 2971 554 3027 Chronicon.
605 2974 876 3030 Carionis.
921 2971 1019 3025 fol.
1057 2973 1181 3029 327.
1236 2976 1305 3046 c)
1349 2977 1576 3049 Regino,
1616 2978 1791 3032 etsi-

227 3041 436 3112 gehert.
472 3044 539 3112 cl)
575 3046 896 3101 Aventinus.
933 3045 1131 3105 Annal.
1160 3048 1219 3100 L.
1248 3044 1298 3099 4.
