2097 3726
1593 110 1621 123 ι-

611 116 888 172 Romcmo
936 113 1319 170 Graecanc'ei.
1590 129 1624 170 o
1640 127 1661 166 1
1686 127 1707 167 ι

105 290 439 350 Saracenos
516 287 810 372 inclytus,
878 285 1159 346 Ciliciam
1226 300 1287 345 et
1350 286 1596 366 Syriam
1667 281 1797 345 fere

102 400 352 439 omnem
388 381 639 460 recepit.
700 377 859 435 Cum
911 378 1135 433 Othone
1177 376 1266 431 M.
1307 374 1633 434 infeliciter
1675 395 1798 456 pu-

101 486 327 548 gnanS,
374 466 724 548 provincias
779 462 986 523 Italiae
1026 461 1333 546 perdidit,
1383 461 1491 521 ubi
1544 463 1605 519 in
1661 483 1798 520 ma,

98 552 194 636 jus
249 551 510 614 dedecus
557 552 977 626 Graecorum,
1043 555 1191 610 Otto
1244 564 1453 632 captos
1512 550 1789 611 Orientis

99 643 345 724 imperii
391 641 612 701 milites
635 685 651 714 ,
717 641 1006 722 praecisis
1042 638 1298 698 naribus
1335 636 1584 697 mutilos
1620 639 1789 697 Con-

99 729 568 810 stantinopolim
600 730 877 802 remisit,
919 727 1003 787 ob
1045 749 1206 810 quae
1243 740 1304 786 et
1358 726 1472 785 alia
1519 725 1791 786 facinora

98 839 227 877 non
261 817 448 877 modo
493 819 648 891 suis,
694 815 801 876 sed
847 818 1033 876 etiam
1097 817 1536 890 leeol)lca12iae
1574 835 1792 874 exosus

96 904 324 979 factUS,
388 903 639 966 demum
681 905 760 964 ab
804 907 1038 963 Joczmze
1080 907 1380 978 Zc‘mc'sce,
1428 925 1616 985 quem
1660 908 1793 962 Im·-

99 995 382 1075 peratrix
430 991 578 1055 fune
620 996 681 1053 in
720 993 1078 1054 cubiculum
1128 1005 1499 1066 attraxerat,
1557 991 1797 1052 dormi-

97 1102 206 1141 ens
260 1083 324 1139 in
388 1081 549 1143 lecto
605 1081 944 1143 trucidatus
1007 1095 1097 1143 est
1153 1083 1416 1163 septimo
1476 1082 1798 1164 regiminis

97 1191 278 1229 anno.
330 1168 412 1248 a)

279 1260 573 1318 Zimisces
610 1259 853 1320 artibus
907 1261 1340 1336 Theoplzcmiae
1383 1258 1605 1320 solium
1656 1279 1807 1317 con-

97 1344 395 1406 scendens
420 1394 434 1420 ,
502 1372 594 1406 an.
646 1369 787 1429 970.
830 1371 955 1409 non
996 1352 1173 1432 prius
1210 1371 1243 1407 a
1294 1350 1647 1424 Polyarclw
1689 1349 1801 1407 Pa-

97 1433 371 1494 triarcha
410 1434 530 1495 fuit
575 1448 904 1496 coronatus
930 1481 945 1509 ,
1012 1460 1199 1518 quam
1237 1458 1300 1496 se
1353 1435 1433 1495 ab
1466 1434 1802 1496 homicidio

100 1526 439 1599 Niceplzorc‘
480 1525 623 1585 licet
660 1522 808 1583 false
848 1538 1201 1606 purgasset,
1262 1526 1798 1606 consensissetque

99 1611 465 1674 iii-liberam
505 1612 874 1673 electionem
923 1612 1089 1671 Cleri
1131 1613 1207 1671 de
1261 1610 1612 1677 Patriarcha
1644 1634 1794 1672 con-

92 1700 439 1777 stituendo,
517 1702 984 1776 leeoplzcmimn
1040 1721 1192 1760 vero
1230 1720 1308 1759 ex
1363 1701 1500 1759 aula
1547 1703 1609 1760 in
1657 1700 1801 1760 Mo·-

93 1793 432 1850 nasterium
456 1788 797 1871 relegasset.
845 1790 990 1849 Post
1029 1785 1178 1850 haec
1217 1809 1331 1870 per
1368 1787 1590 1851 ducem
1620 1791 1799 1846 Bar-

91 1881 239 1935 clam
283 1879 655 1938 Moscovitas
705 1875 784 1935 ad
829 1878 968 1936 500.
1016 1877 1209 1937 millia
1257 1875 1504 1938 devicit.
1575 1879 1799 1941 Mone-

92 1979 260 2040 tam,
331 1965 555 2027 devota
601 1965 711 2026 hac
765 1967 1172 2049 inscriptione
1234 1967 1534 2047 signavit:
1615 1969 1795 2026 Jeszcs

103 2056 390 2114 Clu-istas
432 2058 568 2114 Rex
614 2057 893 2132 Regum,
960 2076 1124 2136 quae
1171 2053 1286 2114 sub
1334 2055 1790 2116 successoribus

95 2146 281 2203 etiam
306 2145 662 2226 permansit.
712 2143 951 2203 Italiam
982 2144 1146 2225 pacis
1173 2164 1353 2202 causa
1394 2148 1610 2205 Occom'
1644 2166 1793 2205 con-

93 2233 293 2304 cessit,
327 2232 405 2308 b)
437 2232 722 2312 Cumque
745 2230 1061 2312 Spadones
1086 2231 1317 2315 amplas
1345 2236 1752 2314 possessiones
1773 2279 1788 2305 ,

96 2341 220 2377 non
263 2341 415 2380 vero
454 2319 680 2380 Milites
706 2316 933 2378 habere
962 2322 1425 2400 ingemisceret,
1470 2321 1789 2402 Spadones

96 2428 242 2467 eum
292 2428 537 2466 veneno
572 2405 987 2479 sustulerunt,
1036 2409 1358 2488 regiminis
1399 2432 1564 2468 anno
1604 2409 1660 2468 6.

273 2497 564 2554 Basilicas
610 2496 702 2550 II.
754 2492 914 2552 filius
970 2496 1310 2553 Romania
1351 2497 1557 2556 multis
1611 2520 1798 2579 expe-

97 2582 445 2644 ditionibus
488 2581 734 2657 clarUS,
813 2605 905 2640 an.
965 2583 1107 2660 977.
1168 2586 1461 2644 Bar-(Iam
1520 2588 1798 2643 Solet-um

1516 2671 1723 2732 rebel—

174 2882 250 2953 a)
308 2883 584 2934 Notabiles
636 2882 1069 2935 circumstantiae
1131 2891 1256 2933 sunt
1305 2881 1449 2953 apud
1508 2881 1810 2951 Curopala-

248 2963 377 3003 lem.
431 2954 755 3005 Cedrenum.
792 2953 975 3010 Const.
1018 2951 1340 3010 Manasscm.
1397 2951 1463 3023 b)
1517 2952 1713 3016 iidem,
1754 2961 1805 3003 et

256 3023 624 3078 Witekmdus.
666 3024 729 3081 L..
759 3022 809 3076 3.
