2097 3726
457 190 577 247 258
603 188 823 246 Status
843 191 1200 266 Religionis,
1225 192 1439 247 Seczilo
1462 192 1576 247 VI.
1605 192 1759 257 VII,
1780 203 1839 248 et
1865 192 2059 248 VIII.

360 377 433 422 ut
487 362 763 423 eruditio
817 379 1130 448 tamquam
1184 362 1452 424 haeresis
1498 379 1860 440 notaretur,
1918 364 2063 425 hinc

361 450 594 513 eruditi
652 454 870 536 pauci,
946 456 1280 535 scriptores
1338 456 1525 512 etiam
1569 468 1744 514 erant
1785 455 1867 534 a)
1928 469 2063 513 tan-

355 553 492 601 tum
544 540 982 625 compilatores
1041 561 1256 602 rerum
1321 544 1763 624 antiquarum,
1827 545 1940 624 qui
1998 545 2063 600 in

359 631 802 691 controversiis
843 628 1208 694 dirimendis
1257 630 1393 714 plus
1439 652 1747 690 canonum
1789 634 2063 689 auctori-

359 721 509 791 tati,
573 732 636 779 et
683 719 946 779 decretis
996 718 1373 778 Pontificum
1431 718 1829 794 detulerunt,
1894 719 2063 802 plus-

357 829 483 888 que
520 806 598 867 de
642 809 919 868 externis
959 807 1182 866 ritibus
1210 851 1226 880 9
1288 830 1477 889 quam
1517 806 1594 866 de
1637 829 1788 868 vera
1829 809 2060 890 pietate

355 894 776 956 decertarunh
828 897 1073 966 Quanta
1105 909 1312 955 autem
1345 894 1463 954 fuit
1487 895 1859 977 generaliter
1885 898 2061 977 igno—

356 988 561 1044 rantia
610 987 799 1045 etiam
827 986 1011 1044 „inter
1053 983 1451 1058 Sace1²dote3‚
1500 983 1874 1043 documento
1917 998 2062 1042 sunt

356 1088 493 1133 acta
546 1072 917 1155 Synodalia,
970 1074 1032 1131 in
1077 1071 1309 1153 quibus
1335 1075 1571 1132 mentio
1617 1072 1686 1130 fit
1723 1073 2058 1153 Episcopo-

354 1185 535 1243 rum‚
594 1163 705 1245 qui
748 1162 956 1220 literas
989 1159 1168 1243 plane
1221 1162 1626 1241 ignorabant,
1675 1162 1739 1218 in
1791 1160 2060 1219 subscri-

352 1251 677 1334 ptionibus
730 1252 898 1309 enim
955 1271 1135 1332 saepe
1175 1250 1582 1307 inveniuntur
1632 1249 1775 1307 talia
1818 1248 2054 1306 verba:

357 1342 568 1413 Quam
630 1343 761 1415 ipse
813 1340 1079 1397 scribere
1131 1359 1465 1414 nequeam,
1529 1338 1896 1412 subscripsit
1929 1360 2058 1412 pro

351 1450 464 1487 me.
512 1433 589 1487 N
645 1432 721 1487 N.
771 1427 870 1487 vel
912 1430 1027 1486 ita:
1101 1429 1305 1499 Quum
1349 1429 1662 1484 Dominus
1714 1428 2057 1503 Episcopus

347 1519 484 1594 lpse
523 1518 793 1574 scribere
830 1527 1099 1594 nequeat
1127 1559 1143 1589 7
1186 1527 1436 1593 'rogata
1466 1519 1604 1589 ejas
1640 1533 1750 1592 ego
1787 1515 2058 1571 subscri-‘-

337 1609 469 1683 psi.
518 1610 650 1664 Imo
705 1607 1088 1665 exstiterunt
1129 1602 1535 1677 Sacerdotem,
1567 1605 1679 1685 qui
1722 1599 2056 1662 formulam

351 1692 709 1777 baptizandi
759 1696 1114 1775 ignorantes
1152 1705 1518 1766 mutarunt,
1583 1694 1668 1751 sic
1709 1693 1878 1751 enim
1928 1691 2056 1750 Bas-

348 1784 599 1841 varicus
641 1780 942 1840 Sacerdos
987 1778 1192 1840 seculo
1235 1779 1378 1841 VII.
1423 1779 1758 1862 baptizasse
1796 1779 2055 1838 dicitur:

351 1870 437 1948 b)
485 1873 761 1946 Baptizo
793 1881 852 1927 te
876 1872 941 1927 itz
970 1871 1208 1926 nomine
1241 1869 1505 1943 Patria,
1555 1872 1761 1942 Filia,
1807 1878 1868 1924 et
1916 1868 2059 1941 Spi-

347 1963 530 2017 rima
581 1963 859 2031 Sancta,
940 1956 1018 2017 de
1064 1954 1242 2038 cujus
1294 1956 1582 2040 baptismi
1632 1956 1845 2015 valore
1897 1955 2055 2012 acris

350 2049 784 2108 controversia
826 2046 946 2106 fuit
989 2060 1202 2121 enata3
1248 2047 1349 2103 cui
1395 2044 1723 2105 accedebat
1771 2044 2056 2102 immanis

348 2158 602 2196 morum
658 2138 1027 2219 corruptiO,
1101 2137 1250 2193 item
1306 2128 1476 2216 quod
1538 2136 1716 2215 pauci
1765 2131 2054 2214 Episcopi

352 2225 417 2282 in
471 2225 873 2285 Dioecesibus
920 2225 1046 2282 suis
1093 2221 1475 2296 residerent,
1544 2222 1832 2303 plerique
1888 2221 2054 2280 enim

343 2325 545 2370 castra
593 2325 654 2372 et
713 2312 879 2371 aulas
929 2313 1291 2392 Principum
1346 2309 1789 2391 sequebantun
1885 2306 2053 2368 Nul-

345 2400 441 2460 lae
483 2403 737 2484 insuper
789 2415 968 2461 erant
1011 2399 1465 2459 Universitates
1493 2443 1509 2471 ,
1572 2413 1676 2457 aut
1709 2393 2076 2462 Bibliothae

346 2510 494 2563 cae,
562 2491 687 2549 imo
743 2491 936 2572 siquis
996 2510 1183 2572 supra
1224 2487 1448 2569 vulgus
1491 2486 1907 2569 ignorantiam
1945 2482 2053 2542 de-

345 2577 584 2660 pellere
654 2579 1018 2651 nitebatur,
1125 2578 1537 2661 superstitiosi
1593 2573 1697 2637 vel
1753 2572 2052 2633 haeretici

1778 2660 1965 2721 titulo

411 2838 485 2910 a)
525 2843 612 2891 Du
650 2834 946 2917 Pinissibl.
986 2835 1054 2890 T.
1090 2834 1145 2915 ·6.
1182 2835 1307 2903 vide
1347 2835 1587 2888 Concilia
1623 2831 1785 2905 hujus
1819 2832 1952 2885 aevi.
1992 2842 2047 2884 et

481 2905 1267 3043 fissffffifniiffiniiffssofiffsslmss'
1296 2907 1362 3030 1⁶1.
1386 2925 1445 3027 ΞΣ
1479 2904 1566 3027 4οῗ
1581 2922 1726 3026 εἷθῖὶ
1752 2903 2045 3026 {lsi-‘⁷3¹3

479 3050 776 3105 Zacharia-s
813 3051 976 3107 Pont.
1013 3049 1186 3121 Epist.
1223 3045 1377 3102 aad
1409 3042 1753 3100 Bonifacium
1796 3063 1852 3116 p.
1886 3040 2040 3099 1888.
