2097 3726
582 131 864 187 Romano
918 128 1298 186 Germanici.
1578 128 1700 190 559

88 302 253 364 Villa
293 305 486 363 Duria
535 303 687 364 duas
728 326 821 363 an.
879 303 1019 362 775.
1086 305 1150 363 in
1196 302 1425 387 quibus
1478 315 1781 365 statutum

87 407 213 454 est:
277 406 347 451 ut
397 392 787 474 Suffraganei
831 393 952 452 suis
990 391 1312 476 Episcopis
1372 390 1627 452 subsint.
1696 395 1786 471 Ut

87 480 428 565 Regulares
487 495 550 541 et
595 478 886 540 Monachi
940 479 1278 541 secundum
1341 478 1627 563 regulam
1685 482 1787 540 vi-

85 584 251 629 vant.
347 569 434 628 Ut
484 570 799 652 Episcopis
845 590 1057 630 omnes
1102 568 1324 629 Clerici
1364 582 1639 653 pareant.
1690 569 1780 629 Ut

89 659 418 717 incestuosi
463 679 577 739 per
623 657 958 741 Episcopos
1005 659 1418 741 corrigantur.
1486 657 1575 718 Ut
1620 656 1776 718 nulli

87 743 267 806 liceat
300 744 550 806 alterius
575 743 887 806 Clericum
907 747 1187 830 recipere
1210 760 1317 806 aut
1333 744 1644 806 ordinare.
1693 747 1785 808 Ut

86 836 367 894 Decimas
402 847 753 894 recusantes
789 835 1146 918 puniantur.
1194 836 1284 894 Ut
1330 832 1678 895 homicidae
1724 848 1789 898 et

82 922 190 982 alii
230 923 326 981 rei
371 924 482 1005 qui
519 920 693 1005 juxta
730 922 893 1008 leges
939 925 1102 985 mori
1142 921 1405 998 debent,
1448 925 1498 983 si
1537 921 1614 982 ad
1663 925 1782 985 Ec-

85 1011 334 1070 clesiam
398 1010 799 1094 confugerint
871 1034 998 1072 non
1066 1024 1456 1073 excusentur.
1523 1025 1637 1072 etc.
1707 1013 1777 1093 a)

90 1102 232 1161 780.
304 1102 376 1158 In
434 1100 698 1160 Saxonia
754 1100 830 1160 ad
887 1100 1032 1160 fluv.
1104 1100 1384 1184 Lippam.
1467 1101 1613 1163 785.
1677 1101 1794 1162 Pa-

84 1186 453 1250 derbornae.
579 1187 943 1272 Ingelhemii
1039 1189 1491 1273 Reginoburgi.
1582 1189 1788 1249 Fran-

85 1275 316 1336 cofurti
353 1277 429 1336 ad
464 1278 799 1353 Moenum,
840 1281 982 1360 794.
1028 1297 1241 1338 coram
1286 1279 1429 1339 500.
1478 1277 1787 1355 Patribus,

84 1366 197 1423 ubi
245 1363 511 1426 haeresis
568 1369 1072 1442 Adopticmorum
1118 1365 1402 1426 damnata
1450 1364 1604 1441 fuit,
1642 1387 1788 1450 age-

88 1452 280 1513 batur
328 1455 478 1515 item
535 1453 614 1515 de
655 1455 827 1514 cultu
875 1457 1214 1537 imaginum
1241 1500 1256 1528 ,
1293 1468 1357 1515 et
1389 1453 1467 1516 de
1518 1455 1788 1515 Canoni-

82 1541 201 1602 bus
265 1542 498 1623 Synodi
552 1544 822 1603 Nicenae
872 1544 949 1603 II.
998 1540 1369 1623 rejiciendis.
1463 1542 1539 1622 b)
1603 1543 1790 1603 Com-

85 1631 384 1714 postellae
435 1634 498 1690 in
556 1632 887 1715 Hispania,
943 1633 1086 1693 805.
1136 1645 1198 1691 et
1247 1632 1533 1706 Parisiis,
1600 1630 1788 1692 Salis-

88 1717 315 1801 burgi,
362 1724 433 1780 In
482 1718 713 1803 palatio
745 1719 922 1779 Saltz.
994 1717 1355 1779 ‚Arelatum.
1402 1720 1784 1804 Moguntiae,

92 1807 442 1868 Cabilonae.
495 1809 753 1868 Turoni.
802 1821 913 1869 etc.
965 1807 1101 1867 Sub
1158 1809 1372 1868 Caroli
1406 1811 1500 1868 M.
1548 1828 1790 1870 succes-

82 1896 329 1957 sorihus
393 1899 578 1958 etiam
631 1900 792 1958 mire
854 1898 1058 1958 crevit
1108 1896 1377 1958 Ecclesia
1428 1899 1786 1958 conversio-

87 2007 170 2046 ne
208 1985 569 2062 Danorum,
617 1987 994 2061 Svecorum,
1043 1986 1193 2046 item
1239 1985 1604 2047 Slavonicae
1636 2007 1788 2069 gen-

88 2075 166 2132 tis
203 2072 515 2157 dispersae
542 2097 656 2159 per
704 2073 1102 2148 Bohemiam,
1136 2073 1494 2149 Poloniam,
1545 2089 1608 2136 et
1630 2075 1780 2157 Illy-

88 2163 206 2220 rici
252 2165 606 2244 provincias
666 2163 833 2223 ultra
888 2161 1254 2224 Danubium
1291 2185 1408 2247 per
1476 2166 1784 2242 Cyrillum

90 2260 152 2308 et
184 2252 572 2309 Metlzocliam
602 2253 939 2335 Episcopos
970 2296 985 2324 ,
1040 2251 1278 2332 quibus
1315 2252 1604 2334 gentibus
1638 2275 1784 2337 per-

88 2339 346 2398 missum
387 2339 467 2398 ab
516 2341 785 2400 Ecclesia
818 2340 1103 2399 Romana
1139 2354 1273 2399 erat
1309 2354 1379 2400 ut
1427 2341 1641 2425 lingva
1677 2363 1784 2401 sua

85 2424 413 2485 Slavonica
445 2449 616 2487 sacra
656 2426 980 2488 celebrare
1022 2429 1296 2508 possint,
1341 2428 1550 2490 audita
1591 2428 1778 2490 coeli-

90 2523 190 2573 tus
242 2535 424 2576 voce:
482 2520 693 2575 Omnis
743 2520 959 2595 lingva
1002 2517 1256 2574 Laudet
1305 2518 1664 2578 Dominam.
1716 2517 1775 2595 c)

1615 2607 1697 2666 lis

158 2812 257 2893 a)-
280 2812 503 2883 Regino·
541 2811 604 2866 L.
640 2810 865 2892 25Hist.
919 2811 1167 2893 Magdeb.
1216 2813 1374 2893 Cent.
1425 2811 1477 2894 85
1528 2833 1574 2868 c.
1608 2812 1681 2874 9.
1724 2834 1788 2939 F.

231 2882 365 3005 1⁰3³.
401 2881 483 3006 [εὖ
506 2882 766 3006 Αᾶξὲέἓὲ·
804 2882 1387 3009 {·234·1⁴3³1{¹15¹.}¹³f3¹503{¹
1418 2893 1564 3012 vimi.
1583 2885 1786 3013 3³2⁵·

236 2991 501 3083 Arentia..
532 2994 681 3081 Antii.
715 3025 775 3080 L.
809 2993 865 3079 4..
934 2994 949 3011 θ
1159 2993 1172 3009 .
1376 2993 1389 3010 ι
1466 2994 1479 3009 .
1566 2994 1582 3010 ο
1637 2996 1652 3015 ’
1762 2959 1784 3031 )
