2097 3726
389 138 509 219 298
848 134 1149 193 Historia
1194 136 1466 213 Imperii.

294 307 590 387 sangvine
636 305 890 390 plenum
940 314 1241 373 continuo
1279 314 1389 397 ipsi
1430 311 1766 397 propinare
1805 308 1991 372 vellet

294 393 386 453 his
429 393 648 453 dictis:
716 396 848 455 bibe
883 400 1150 472 frater!
1208 403 1321 461 sub
1365 424 1437 462 eo
1486 399 1697 461 Africa
1735 421 1768 455 a
1811 398 1993 457 Sara-

290 482 455 542 cenis
504 483 788 558 turbata‚
858 486 1100 570 Cyprus
1156 504 1217 549 et
1262 489 1516 550 Rhodus
1574 490 1792 547 amissa
1841 485 1997 564 fuit3

292 571 356 628 in
406 569 581 629 Italia
620 594 654 629 a
702 573 1134 655 Longobardis
1179 578 1350 638 clade
1393 579 1682 652 affectuS,
1757 573 1997 634 thesau-

289 659 377 716 ris
433 658 756 739 spoliatus,
840 664 919 742 a)
1007 664 1249 725 tandem
1312 668 1627 748 Syracusis
1683 687 1777 722 an.
1846 661 1993 721 668.

295 746 547 827 imperii
577 769 730 808 vero
760 769 858 830 27.
898 753 961 810 in
995 752 1218 814 balneo
1254 755 1594 814 trucidatus
1613 752 1787 813 obiit.
1820 750 2000 831 Sym-

292 833 539 894 bolum:
607 838 966 897 Parendum
1005 845 1380 901 necessitati.
1445 844 1559 903 Cui
1608 842 1683 900 ab
1718 842 1998 900 exercitu

289 921 583 982 suffectus
642 939 734 985 est
776 929 1077 988 Mzizias
1117 930 1299 990 brevi
1341 946 1478 1014 post
1529 956 1563 991 a
1631 931 1997 988 Constanti-

288 1031 399 1086 no,
468 1012 822 1071 Constantis
870 1014 1000 1077 filio
1042 1020 1246 1077 victus
1288 1034 1350 1080 et
1395 1022 1628 1080 occisus
1668 1019 1744 1097 b)

475 1101 918 1161 Constantinus
962 1109 1069 1167 IV.
1118 1107 1469 1188 Pogonatus
1509 1130 1617 1168 seu
1670 1103 1999 1178 barbatus,

290 1190 590 1269 quoniam
630 1212 708 1250 ex
747 1190 961 1252 Africa
993 1215 1124 1276 quo
1161 1191 1445 1276 juveni5‚
1493 1199 1685 1279 patris
1727 1207 2000 1254 mortem

290 1275 534 1336 ulturus
579 1276 983 1356 discesserat,
1046 1280 1298 1343 demum
1338 1306 1479 1344 cum
1510 1284 1752 1368 prolixa
1798 1281 1995 1341 barba

287 1362 603 1441 redierat,
679 1371 841 1451 patri
898 1369 1268 1446 succedens,
1312 1371 1613 1432 fratribus
1654 1392 1801 1429 naso
1850 1391 1964 1453 spo

289 1450 476 1527 lintis,
551 1462 729 1515 inox‘
770 1457 1063 1519 Saraceni
1144 1461 1461 1521 Natoliam
1535 1472 2002 1542 expugnantes,

295 1541 487 1621 ipsam
533 1546 720 1602 etiam
779 1547 1381 1630 Constantinopolim
1415 1548 1738 1610 obsidione
1789 1548 2004 1605 cinxe-

294 1642 484 1702 runt,
559 1630 754 1691 donec
812 1637 1099 1693 Callinici
1155 1637 1527 1699 Geometrae
1572 1640 1718 1715 igne
1763 1637 2002 1693 Graeco

296 1714 431 1796 (qui
478 1717 606 1776 solo
653 1732 827 1780 aceto
882 1725 1192 1804 exstingvi
1234 1726 1465 1807 potest)
1510 1738 1725 1785 exusta
1780 1723 2002 1797 classe,

295 1803 540 1865 solvere
621 1809 1150 1890 compellerentur
1225 1836 1320 1879 an,
1391 1814 1535 1893 675.
1599 1814 1651 1871 A
1724 1811 2002 1893 Bulgaris

287 1913 422 1950 non
476 1916 596 1952 una
654 1895 824 1957 clade
875 1898 1161 1973 affectuS‚
1227 1903 1311 1961 eis
1377 1903 1641 1982 Mysiam
1705 1902 2006 1960 concessit

296 1999 440 2039 cum
497 1981 780 2058 tributo,
847 2008 917 2045 ac
968 1985 1187 2048 relicto
1243 1989 1374 2048 filio
1434 1991 1829 2061 Justitzicmo,
1906 2011 2001 2046 an.

297 2069 553 2151 Imperii
625 2090 718 2150 17.
778 2073 956 2133 obiit.
1017 2096 1111 2135 an.
1166 2075 1309 2138 681).
1364 2078 1574 2158 Symb.
1638 2081 1820 2152 Quod
1882 2080 2004 2134 cito

281 2158 408 2233 fit,
456 2161 577 2215 cito
605 2165 799 2234 perit.
848 2164 918 2243 c)

477 2251 875 2308 chstitzianas
926 2254 1014 2313 II.
1063 2253 1291 2336 prioris
1345 2253 1507 2314 filius
1561 2256 2005 2314 Rhinotmetas

301 2331 534 2409 dictus,
581 2336 665 2396 ob
703 2361 880 2399 nares
924 2363 958 2398 a
1003 2344 1267 2400 Leontio
1312 2341 1474 2403 duce
1503 2342 1641 2404 ideo
1669 2343 2000 2416 abscissaS‚

298 2422 469 2503 quod
535 2423 722 2485 fidem
784 2428 1102 2490 Saracenis
1167 2429 1367 2489 datam
1422 2432 1790 2506 violaverit,
1889 2432 2003 2512 qui

302 2512 480 2571 initio
532 2527 748 2573 contra
803 2515 1103 2599 Bulgaros
1153 2534 1215 2580 et
1264 2521 1600 2583 Saracenos
1654 2519 1839 2596 felix,
1886 2518 2003 2580 de-

1744 2632 1918 2671 mum

370 2789 407 2821 a
430 2774 448 2836 )
491 2773 724 2827 Cedrem
745 2777 945 2831 Zan.et
966 2782 1108 2834 Hist.
1136 2782 1368 2839 Miscell.
1404 2782 1466 2835 L.
1489 2781 1571 2837 19.
1590 2782 1743 2839 Paul.
1762 2782 1914 2835 Diae.
1932 2781 2002 2835 de

441 2852 575 2909 gesf-
613 2848 962 2915 LOHgObard.
998 2853 1067 2908 L.
1101 2852 1151 2904 5.
1189 2872 1234 2905 c.
1268 2852 1509 2905 6.—11.
1549 2852 1619 2925 b)
1655 2853 1807 2906 Paul.
1850 2853 2003 2909 Diae.

440 2914 507 2967 L,
545 2913 592 2965 5.
631 2916 882 2986 Longob.
920 2939 965 2972 c.
1002 2919 1083 2973 12.
1135 2922 1365 2975 Cedren.
1401 2932 1456 2974 et
1492 2924 1748 2975 Zonaras.
1788 2922 1854 2992 c)
1896 2923 2005 2973 Za-

445 3000 623 3039 naraS.
668 2985 738 3037 Τ.
784 2985 833 3037 3.
870 2989 1101 3049 Cedren.
1144 2992 1202 3047 in
1239 2993 1385 3051 Hist.
1428 2993 1576 3048 Paul.
1619 2995 1765 3050 Diae.
1818 2994 1881 3048 L.
1920 2991 2008 3052 190

445 3052 583 3108 Hist.
625 3055 854 3109 Miscell.
892 3059 956 3118 L.
998 3059 1086 3122 19.
