2097 3726
397 171 433 231 3
443 193 472 249 7
485 174 518 229 8
862 167 1159 231 Historia
1205 174 1467 250 Imperzz'

305 345 703 428 1²elinquen3‚
733 342 985 409 demum
1020 371 1098 408 ex
1133 347 1278 409 salsa
1323 349 1608 412 adulterii
1651 352 1996 436 suspicione

308 434 700 517 repudiavit,
760 456 925 516 quae
955 436 1097 498 dein
1156 441 1495 521 Virginum
1535 442 1738 501 coetui
1788 463 1853 501 se
1908 441 2002 499 di-

305 525 487 583 cavit.
569 525 833 582 Carolus
892 526 1160 584 Crassus
1205 526 1397 588 fratre
1443 550 1554 588 suo
1607 531 2006 587 Car-olomun-

304 633 384 669 no
451 612 721 695 paralysi·
777 626 1063 689 mortuo,
1098 615 1333 678 Italiam
1383 630 1444 676 et
1488 617 1827 700 Imperium
1868 615 2009 700 jure

308 698 727 760 haereditario
779 699 1100 776 obtinenS,
1147 727 1183 763 a
1228 707 1465 764 ,Ioanne
1532 708 1725 764 VIII.
1792 708 2007 766 Ponti-

306 787 425 849 fice
462 791 527 847 in
570 788 724 849 festo
777 791 1123 850 nativitatis
1168 790 1397 853 Christi
1446 817 1539 852 an.
1593 798 1736 854 880.
1800 798 2006 876 Impe-

301 892 479 937 rator
511 889 844 937 coronatus
872 923 888 952 ,
937 880 1114 939 initio
1155 903 1446 963 magnam
1489 884 1741 942 virtutis
1785 895 1845 941 et
1870 883 2006 965 glo-

306 968 436 1027 riae
487 967 814 1026 materiam
881 969 1203 1052 arripuit3
1252 978 1476 1031 Cuncta
1526 972 1693 1031 enim
1754 972 1812 1031 ei
1862 993 2010 1054 pro-

305 1077 490 1138 spere
547 1053 1002 1131 successerunt,
1048 1059 1360 1115 Bosonem
1391 1135 1393 1137 ι
1425 1059 1636 1119 Italiae
1686 1081 1898 1141 regem
1943 1081 2027 1133 se·

303 1145 666 1204 efferentem
704 1142 884 1201 Italia
928 1143 1299 1227 expellendo
1325 1191 1341 1220 ‚
1388 1148 1626 1207 Italiam
1668 1148 2009 1207 Saraceno-

307 1255 453 1292 rum
499 1230 961 1316 irruptionibus
1008 1231 1362 1316 fatigatam,
1409 1249 1607 1295 tutam
1646 1234 2005 1308 reddendO,

303 1325 641 1398 Hzcgonem
718 1317 959 1382 Galliae
1011 1323 1373 1402 Tyrannum
1420 1324 1874 1408 opprimendo,
1937 1324 2006 1403 a)

301 1411 694 1472 Normannos
734 1431 769 1470 e
814 1409 1224 1471 Scandinavia
1262 1412 1310 1470 F
1314 1416 1589 1471 ranciam
1629 1412 2007 1495 populantes

305 1502 436 1561 acie
477 1497 906 1583 profligando,
942 1521 1099 1581 quos
1134 1522 1262 1559 non
1308 1499 1499 1562 modo
1535 1503 1762 1560 amicos
1809 1512 1870 1560 et
1911 1523 2013 1560 so-

309 1591 471 1661 οἱοε,
512 1586 618 1648 sed
668 1590 855 1646 etiam
898 1592 1106 1650 affines
1146 1587 1325 1663 fecit,
1363 1588 1505 1650 data
1543 1591 1880 1664 Godqfriclo
1913 1612 2017 1650 re-

310 1678 370 1760 gi
428 1679 491 1734 in
540 1678 1016 1735 matrimonium
1079 1680 1384 1736 Lotlzarii
1437 1677 1714 1739 defuncti
1775 1678 2010 1739 Galliae

309 1766 470 1847 regis
517 1761 678 1837 filia,
725 1766 827 1823 cui
870 1763 1030 1825 dotis
1063 1765 1200 1826 loco
1254 1766 1515 1827 Frisiam
1555 1765 1841 1827 contulit.
1897 1767 2012 1826 His

311 1869 518 1913 tamen
565 1852 913 1912 Normanni
958 1875 1086 1912 non
1137 1857 1469 1928 contenti,
1535 1858 1796 1915 Rollotze
1852 1853 2010 1916 duce

310 1944 685 2002 Neastriarn
745 1954 922 2000 antea
991 1941 1221 2001 dictam
1298 1941 1660 2004 invadentes
1697 1989 1712 2019 ⁷
1773 1941 2011 2026 majora

311 2029 590 2114 pericula
623 2030 1373 2112 Imperio'ostentabant3
1421 2053 1582 2114 quae
1626 2046 1695 2091 ut
1748 2034 2011 2092 Carolus

308 2131 664 2190 amoveret,
706 2137 940 2177 novum
994 2116 1211 2179 foedus
1266 2140 1414 2178 cum
1473 2122 1546 2180 iis
1608 2120 1882 2204 pepigit,
1944 2123 2009 2183 vi

309 2206 487 2289 cujus
533 2207 856 2266 Neustriae
919 2221 1200 2291 partem,
1246 2206 1420 2291 cujus
1475 2222 1660 2292 caput
1714 2211 2015 2267 Rotoma-

304 2318 461 2376 gam
507 2307 674 2370 erat,
724 2295 788 2352 in
853 2309 1231 2380 perpetuum
1283 2297 1355 2356 iis
1402 2297 1746 2370 concessit,
1795 2320 1830 2356 a
1877 2320 2006 2381 quo

311 2400 598 2467 tempore
654 2383 943 2444 Neustria
981 2408 1014 2443 a
1058 2387 1238 2445 novis
1291 2385 1527 2447 colonis
1589 2385 1652 2464 h)
1690 2389 2007 2445 Norman-

313 2477 424 2532 nia
465 2473 584 2532 dici
621 2478 858 2555 coepit:
892 2495 1166 2555 quorum
1205 2477 1602 2557 promotione
1646 2474 1833 2534 illecti
1873 2474 2017 2548 alii,

314 2561 548 2621 finibus
608 2561 729 2619 suis
795 2565 1021 2641 egressi
1080 2561 1144 2622 id
1214 2566 1420 2647 ipsum
1478 2576 1819 2630 tentarunt,
1910 2562 2013 2623 Ob

309 2648 427 2710 hoc
500 2663 683 2733 turpe
725 2647 944 2710 foedus
989 2653 1213 2712 initum
1268 2666 1331 2712 et
1386 2653 1679 2714 inertiam
1735 2651 1889 2712 adeo
1940 2673 2006 2711 se

311 2761 567 2800 exosum
617 2739 741 2798 suis
779 2737 1093 2814 reddidit,
1140 2754 1211 2800 ut
1258 2741 1705 2826 quamplurimi
1745 2740 2010 2799 Germa-

1777 2850 1922 2889 mae

384 3017 460 3087 a)
498 3018 826 3144 qughlioffL·
859 3018 909 3075 2.
981 3018 1053 3093 b)
1092 3022 1328 3076 Aimoin.
1372 3023 1434 3080 L.
1486 3022 1534 3076 5.
1569 3039 1614 3075 e.
1668 3020 1752 3077 40.
1795 3021 1854 3074 P.
1896 3020 2007 3076 Ae-

455 3107 530 3141 mi
559 3107 592 3143 1.
679 3128 693 3144 .
762 3128 776 3144 .
