2097 3726
406 160 481 217 48
494 178 524 213 2
856 152 1163 208 Historia
1212 150 1475 225 Imperii

316 338 740 409 Copronymas
797 325 1179 409 baptismum
1244 339 1521 386 stercore
1585 322 1878 383 foedavit.
1959 324 2008 382 I.

312 424 596 481 Uxorem
633 415 854 476 habuit
890 417 1203 473 Johcmam
1235 415 1487 473 Alberti
1518 412 1689 472 ducis
1718 413 2016 473 Bavariae

312 508 520 570 filiam.
572 506 651 566 Π.
700 506 1000 581 Sophiam
1033 506 1297 561 loannis
1331 501 1504 561 ducis
1542 502 1841 561 Bavariae
1882 501 2013 562 for-

311 618 550 658 mosam
585 592 804 667 filiam,
853 615 1015 676 quae
1052 595 1116 649 in
1155 592 1478 674 Hungaria
1525 593 1688 650 1428
1735 588 2010 650 decessit.

321 687 727 746 Wenceslazcs
788 683 940 741 vivo
994 694 1172 764 patre
1223 677 1427 739 adhuc
1486 692 1858 754 coronatus,
1926 680 2012 759 a)

313 779 479 836 inter
536 774 728 833 totius
782 770 953 831 orbis
1002 770 1302 827 maximas
1349 768 1562 827 turbas
1615 768 2016 851 Imperatoris

313 885 544 927 nomen
578 860 894 933 obtinuit,
963 855 1119 915 nihil
1157 856 1234 917 de
1277 859 1543 940 imperio
1583 854 2019 916 administran-

313 954 396 1015 do
432 951 763 1023 sollicitus,
827 947 1001 1008 velut
1035 960 1387 1005 monstrum
1434 944 1700 1004 hominis
1735 944 2020 1026 gravissi—
2096 1000 2097 1003 ,

313 1044 431 1103 mis
480 1039 728 1123 flagitiis
774 1035 1098 1108 laborans,
1169 1056 1366 1116 quum
1425 1036 1657 1116 Pragae
1725 1033 2020 1092 diuturna
2096 1046 2097 1091 ἒ

315 1129 612 1204 libidine,
660 1124 1028 1187 temulentia
1068 1135 1130 1182 et
1162 1120 1529 1184 crudelitate
1573 1123 1884 1182 saeviisset
1941 1121 2020 1200 b)

318 1219 508 1282 adeo:
587 1229 660 1276 ut
707 1215 764 1275 ei
815 1234 942 1273 non
996 1213 1140 1270 satis
1185 1223 1342 1271 esset
1387 1209 1692 1294 supplicio
1752 1211 2049 1272 affecisse

320 1330 477 1394 quos
516 1302 873 1376 metuebat,
934 1299 1040 1361 sed
1086 1314 1149 1361 et
1202 1322 1307 1360 sua
1350 1320 1539 1357 manu
1584 1299 1681 1360 vel
1724 1299 1801 1358 ad
1847 1322 2028 1360 men-.

322 1420 454 1462 sam
492 1392 799 1480 jugulavit
830 1390 1057 1451 multos
1091 1389 1270 1472 quasi
1304 1409 1418 1471 per
1448 1386 1665 1446 ludum
1704 1403 1766 1448 et.
1798 1387 2024 1467 jocum3

321 1486 409 1550 ob
448 1507 609 1569 quae
642 1483 830 1543 etiam
868 1479 1130 1563 repetita
1173 1477 1533 1561 captivitate
1572 1476 1858 1558 squalido
1891 1498 2026 1538 car-
2096 1540 2097 1543 ,

323 1578 454 1638 ceri
495 1572 763 1635 inclusus
807 1581 977 1644 erat,
1035 1567 1107 1648 c)
1152 1565 1258 1626 sed
1290 1587 1533 1649 semper
1566 1564 1832 1627 feliciter
1875 1567 2027 1625 arti-
2096 1587 2097 1632 ᾗ

325 1667 443 1726 hus
490 1662 730 1744 elapsus
793 1679 1060 1740 regnum
1114 1657 1528 1739 recuperavit.
1602 1656 1722 1726 Qui
1775 1654 2027 1715 demum

327 1775 438 1816 suo
495 1748 774 1836 periculo
821 1744 980 1805 nihil
1023 1744 1276 1817 doctus,
1339 1745 1465 1802 imo
1520 1746 1585 1801 in
1639 1745 1873 1802 insania
1919 1766 2028 1803 sua

326 1863 524 1928 porro
562 1857 827 1922 pergens
854 1881 868 1906 ,
916 1834 1078 1894 bona
1116 1833 1297 1917 plane
1334 1832 1579 1916 imperii
1619 1832 2033 1909 abalienaret,

327 1955 380 1990 a.
429 1932 614 1990 1400„
650 1925 965 1985 Electores
1005 1919 1404 1981 Franeofurti
1455 1923 1818 2004 congregati
1868 1943 2028 1981 eun-

329 2018 472 2079 dem
511 2015 788 2075 unanimi
824 2033 1124 2072 consensu
1179 2010 1256 2069 ab
1304 2010 1582 2093 Imperio
1623 2023 2038 2087 amoverunt3

329 2121 518 2189 atque
561 2108 643 2163 ita
681 2104 768 2179 d)
808 2100 1126 2184 depositus
1177 2097 1486 2180 reliquam
1529 2100 1724 2158 vitam
1773 2113 1845 2157 ut
1880 2119 2030 2158 con-

329 2205 618 2256 sveverat
639 2194 703 2249 in
735 2188 1028 2251 Bohemia
1061 2211 1166 2248 sna
1196 2186 1460 2264 ducen83
1504 2187 1753 2248 tandem
1782 2209 1858 2246 ex
1881 2209 2031 2247 con-
2080 2243 2081 2246 ,

317 2283 744 2355 ⁴sternatione,
836 2276 1006 2362 quod
1062 2273 1397 2360 prandenti
1454 2277 1818 2336 nunciatum
1875 2288 2037 2346 esset

1726 2364 1946 2426 Hussi-
2029 2407 2051 2436 ,μ

405 2548 474 2612 a)
513 2545 717 2597 Aeneas
769 2539 924 2612 Sylv.
965 2539 1102 2592 Hisr.
1159 2539 1384 2592 Bohem.
1436 2559 1481 2592 e.
1530 2537 1618 2596 34.
1670 2539 2031 2613 Cuspinianus

477 2615 535 2667 in
570 2613 679 2665 vita
710 2611 841 2680 ejus,
880 2611 1202 2662 DubraviUS.
1242 2611 1450 2668 Chron.
1479 2610 1702 2664 Bohem.
1743 2608 1804 2663 L.
1837 2606 1922 2662 23.
1957 2609 2033 2683 b)

478 2684 671 2737 iidem.
709 2682 780 2752 c)
820 2681 1023 2733 Christ.
1063 2681 1433 2732 LehmannUS.
1468 2700 1525 2733 in
1562 2680 1767 2733 Chron.
1802 2681 2030 2750 Spiren-

478 2756 523 2808 si
557 2755 621 2808 L.
656 2751 706 2810 7.
750 2771 794 2803 c.
830 2751 915 2804 59.
957 2769 1070 2822 seq.
1110 2751 1435 2803 Dum-avius,
1473 2753 1537 2807 L.
1573 2749 1660 2806 23.
1699 2769 1802 2823 ope
1838 2753 2026 2804 balne-

476 2824 663 2877 atricis
692 2831 746 2873 et
766 2822 1054 2893 piscatoris
1088 2824 1283 2876 evasit.
1321 2822 1393 2886 d)
1434 2823 1723 2877 UrstisiuS.
1760 2822 1817 2873 in
1838 2823 2034 2893 scripti

478 2914 585 2950 rer.
623 2894 884 2945 German.
928 2893 986 2944 in
1024 2892 1148 2944 fine.
1186 2893 1537 2946 Lehmannus
1573 2892 1630 2943 in
1668 2891 1874 2948 Chi-on.
1904 2893 2032 2964 Spi-

479 2964 643 3086 rensli.
698 2965 764 3084 t122.
806 2961 941 3085 7.1c1.
980 2961 1062 3016 72.
1100 2963 1409 3034 Polydorus
1450 2962 1708 3032 Virgilius
1737 2961 1808 3014 de
1841 2963 2033 3016 inven-

479 3046 565 3087 tis.
628 3066 665 3088 A·
736 3070 750 3084 .
790 3051 839 3089 c.
946 3072 956 3082 .
