2097 3726
489 200 493 204 ¹
538 173 817 228 Romano
871 169 1240 223 Germanici.
1518 171 1635 229 401

361 347 848 441 Imperatores
901 340 1380 410 Francorum..

216 537 386 597 XVI.
444 535 763 593 Conrccclccs
815 533 904 588 II.
957 534 1231 610 Saliene,
1266 532 1425 597 filius
1463 541 1730 600 Hem-ici

38 629 282 712 nepotis
336 626 582 683 Octom's
629 620 800 680 ducis
848 619 1237 694 Carinthiae‚
1288 628 1396 706 qui
1446 649 1523 686 ex
1576 631 1726 686 Con—

39 720 193 776 rado
228 716 524 791 Sapiente
571 722 632 770 et
676 711 1045 787 Lacitgarcla
1087 714 1329 770 Othonis
1363 717 1412 772 I.
1464 714 1586 774 filia
1620 741 1728 776 na-

37 821 134 865 tus
188 817 332 864 erat.
425 800 494 879 a)
554 803 838 860 Uxorem
886 797 1104 858 habuit
1147 805 1415 862 G-c'selczm
1456 804 1725 866 Viduam

37 897 294 951 Ernesti
340 890 515 950 ducis
551 889 884 960 Svaeviae,
921 900 979 948 et
1003 891 1302 948 Lotlzarc‘c'
1323 894 1509 974 Regis
1533 893 1579 950 F
1585 918 1727 953 ran..

35 985 165 1042 ciae
222 979 450 1054 filiam,
498 999 581 1039 ex
643 1000 767 1060 qua
824 981 1143 1037 Conraclus
1205 984 1462 1064 suscipit
1526 980 1726 1044 filium

36 1071 384 1128 Hetzrc‘czmz
424 1070 554 1125 III.
601 1088 1029 1126 successorem.
1094 1070 1434 1150 Imperium
1469 1069 1545 1128 ad
1580 1093 1726 1132 eum

33 1161 327 1243 pervenit
363 1179 478 1240 per
516 1155 980 1215 translationem
1047 1169 1108 1215 et
1144 1156 1480 1237 legitimam
1516 1163 1726 1218 electi-

35 1269 208 1304 onem
269 1249 452 1306 etiam
513 1244 724 1328 quoad
789 1242 919 1326 ejus
963 1256 1257 1326 posteros
1351 1247 1511 1305 Nam
1558 1270 1727 1308 mor—

37 1349 147 1396 tuo
194 1338 471 1394 Hearico
525 1337 585 1392 S.
656 1335 788 1392 sine
831 1330 1138 1405 haerede,
1190 1335 1508 1417 Principes
1566 1337 1725 1397 Ger-

33 1425 271 1483 maniae
318 1443 543 1506 magno
583 1443 847 1481 numero
889 1420 1270 1481 confluentes
1307 1467 1323 1496 ,
1379 1437 1519 1507 post
1567 1423 1725 1484 duo-

33 1535 178 1572 rum
219 1515 526 1572 mensium
587 1512 1050 1592 interregnum,
1100 1509 1350 1570 tandem
1407 1515 1721 1573 communi

32 1615 183 1660 voto
237 1603 583 1659 Conraclccm
637 1601 913 1657 Salicum
933 1599 1382 1679 Imperatorem
1402 1604 1728 1659 renuncia-

36 1703 221 1766 runt,
269 1691 378 1770 qui
430 1688 786 1769 compositis
832 1687 896 1743 in
942 1686 1280 1745 Germania
1327 1686 1556 1762 rebus,
1605 1695 1729 1748 Im-

32 1780 281 1861 perium
329 1779 598 1849 virtute,
643 1775 959 1857 Sapientia
1005 1785 1065 1833 et
1102 1774 1436 1857 praeclaris
1479 1778 1722 1837 institu-

36 1869 112 1926 tis
180 1865 474 1925 stabilivit
517 1909 532 1938 ,
597 1865 991 1924 restitutione
1048 1863 1449 1945 Burgundiae
1492 1910 1506 1938 ‚
1560 1890 1720 1948 quae

36 1957 179 2015 150.
226 1976 417 2013 annos
474 1975 619 2014 suae
667 1953 864 2035 gentis
922 1972 1098 2032 reges
1139 1948 1477 2028 habuerat,
1527 1958 1718 2014 auxit.

31 2044 189 2103 Item
249 2042 652 2117 liberalitate,
707 2062 855 2100 cura
901 2039 1207 2101 Ecclesiae
1251 2056 1312 2100 et
1372 2065 1720 2126 pauperum

35 2133 327 2215 insignis,
384 2134 446 2190 in
507 2129 763 2191 consilio
817 2128 1126 2212 prudens,
1189 2131 1252 2188 iu
1324 2131 1511 2192 rebus
1566 2154 1720 2192 vero

31 2219 319 2302 gerendis
358 2219 507 2280 felix
562 2218 680 2278 fuit
724 2217 920 2277 adeo:
965 2231 1035 2276 ut
1087 2217 1222 2279 aliis
1277 2220 1531 2302 regibus
1593 2219 1721 2279 for-
1761 2294 1763 2296 q

29 2308 338 2367 midabilis
379 2307 736 2380 videretur,
788 2327 983 2388 quare
1028 2329 1171 2366 euin
1228 2320 1520 2390 tanquam
1557 2331 1723 2369 sum-

27 2418 201 2454 mum
235 2393 634 2455 Monarcham
658 2394 842 2453 Orbis
872 2390 1202 2453 Christiani
1240 2400 1523 2457 venerati
1560 2413 1716 2460 sunt.

32 2483 222 2566 Cujus
256 2481 552 2565 justitiam
594 2495 855 2543 testatur
899 2478 1154 2540 fundata
1194 2483 1274 2541 ab
1309 2505 1383 2543 eo
1423 2488 1559 2544 Lex
1601 2489 1720 2544 Sa-

31 2576 156 2632 llca,
197 2571 274 2632 de
320 2573 708 2656 proprietate
755 2569 1085 2651 Sylvarum
1140 2585 1203 2631 et
1235 2568 1373 2652 jure
1436 2576 1719 2633 venatio-

32 2663 166 2720 nis:
236 2664 385 2720 item
433 2660 510 2722 de
577 2661 763 2719 Bonis
821 2656 1123 2718 Ecclesiae
1187 2682 1315 2719 non
1369 2660 1720 2722 abalienan-

30 2749 139 2810 dis.
237 2751 351 2808 His
422 2751 504 2810 ita
563 2748 937 2824 constitutis,
985 2746 1123 2805 Itali
1172 2745 1533 2810 seditionem
1587 2771 1720 2809 mo-

998 2856 1032 2894 c
1079 2857 1112 2896 c
1533 2837 1631 2897 liti

105 3009 184 3082 a)
225 3010 454 3080 VVippo.
492 3009 549 3061 in
596 3007 708 3059 vita
751 3006 1010 3063 Com-adi.
1062 3027 1146 3079 ap.
1198 3010 1518 3066 Pistorium.
1566 3011 1638 3068 T.
1670 3009 1725 3066 3.

193 3100 244 3152 p.
278 3081 400 3137 424,
439 3099 555 3151 seq.
592 3082 775 3132 Herm.
814 3080 999 3130 Contr.
1040 3079 1267 3132 Ditmar.
1306 3082 1371 3137 L.
1412 3082 1466 3136 5.
