2097 3726
370 208 493 247 που
814 187 1419 249 Historia

274 362 584 418 Ricimere
635 362 716 442 a)
755 359 1026 446 dejectus
1068 381 1174 426 est.
1221 368 1335 425 Cui
1376 379 1516 449 post
1538 364 1752 427 decem
1788 387 1965 428 men-

274 450 433 506 sium
470 450 899 532 interregnum
938 458 1226 515 successit

443 538 852 611 Majorianzcs
916 546 1215 602 Valerius
1261 545 1594 603 Ravennae
1637 568 1686 603 a.
1744 545 1885 603 457.
1930 567 1966 601 a

272 622 576 686 militibus
627 632 979 711 Imperator
1029 647 1304 706 creatus,
1353 633 1427 712 b)
1476 633 1583 713 qui
1626 630 1749 713 jam
1784 646 1961 690 antea

267 711 351 770 ob
391 715 591 775 victos
634 716 901 779 Francos
932 733 995 779 et
1025 717 1411 780 Alemannos
1458 720 1758 801 Magister
1797 719 1962 778 mili-

267 802 387 860 tiae
417 807 819 866 renunciatus
859 821 1027 882 erat,
1073 808 1179 868 sed
1213 822 1274 869 et
1310 807 1407 867 hic
1439 822 1666 890 quarto
1703 809 1963 890 regimi-

264 891 358 948 nis
384 912 547 951 anno
579 915 613 950 a
648 895 957 952 Ricimere
993 896 1349 957 interfectus
1381 911 1485 955 est.
1534 896 1639 955 Ab
1662 894 1776 954 hoc
1807 910 1964 955 tem--

265 998 454 1061 pore,
503 1001 582 1039 ex
623 983 938 1040 Ricimere
986 984 1261 1044 militum
1285 986 1617 1065 Magistro,
1665 983 1809 1042 alias
1851 981 1963 1041 ho-

262 1067 433 1126 mine
470 1089 723 1144 severO,
785 1091 917 1130 sors
957 1087 1019 1131 et
1055 1075 1183 1130 vita
1223 1073 1687 1157 Imperatorum
1728 1069 1964 1156 pende-

262 1152 403 1230 bat3
449 1179 594 1216 nam
633 1161 898 1231 Severus
936 1159 1084 1220 licet
1121 1184 1171 1219 a.
1220 1163 1366 1221 461.
1399 1161 1477 1220 ab
1515 1184 1588 1221 eo
1625 1160 1702 1219 ad
1741 1160 1965 1219 solium

261 1256 550 1320 evectus,
596 1256 753 1321 cum'
788 1251 1154 1324 Genserioe,
1196 1249 1412 1307 Alanis
1448 1263 1510 1309 et
1547 1248 1844 1309 Vandalis
1877 1246 1967 1307 fe-

260 1331 365 1390 lici
412 1348 612 1396 marte
659 1340 1094 1418 pugnavisset,
1158 1338 1231 1418 c)
1263 1348 1483 1397 ,tamen
1523 1350 1751 1420 quarto
1796 1358 1959 1395 anno

260 1416 539 1500 ejusdem
590 1421 847 1499 fraude,
924 1448 1169 1486 veneno
1223 1424 1590 1486 interfectus
1651 1440 1756 1485 est.
1839 1425 1963 1483 De-

261 1530 435 1569 mum
487 1526 627 1594 post
693 1533 790 1572 20.
854 1517 1160 1574 mensium
1226 1517 1700 1596 interregnum,
1767 1514 1847 1593 d)
1909 1534 1959 1571 a.

264 1596 406 1672 467.
456 1602 585 1656 Leo
640 1600 912 1660 Orientis
967 1606 1358 1686 Imperator,
1403 1604 1731 1661 Anthemio
1778 1622 1960 1660 coro-

261 1706 405 1742 nam
463 1687 795 1769 imposuit,
844 1712 1034 1771 quem
1094 1694 1374 1749 Ricimer
1415 1690 1561 1750 licet
1607 1690 1766 1750 filiae
1816 1711 1960 1748 suae

260 1774 578 1833 connubio
621 1773 1058 1850 honoraverit,
1121 1793 1327 1838 tamen
1365 1801 1506 1837 cum
1551 1779 1725 1860 gravi
1770 1780 1956 1838 etiam

256 1862 520 1920 civitatis
551 1863 868 1924 Romanae
907 1864 1115 1938 clade,
1179 1887 1342 1925 anno
1392 1880 1568 1926 sexto
1615 1866 1960 1927 obtrunca-

262 1951 372 2006 vit.
443 1950 519 2027 e)
587 1952 733 2011 Post
794 1948 984 2034 quem
1043 1956 1337 2030 Οζγόνιῖιιε
1386 1958 1719 2012 Ricimeris
1766 1954 1955 2013 cliens

259 2041 611 2120 Imperator
653 2043 1054 2116 constitutuS,
1099 2044 1187 2121 f)
1237 2044 1400 2100 intra
1449 2065 1674 2124 paucos
1712 2064 1951 2102 menses

259 2148 354 2184 an.
424 2128 563 2195 472.
613 2128 792 2190 obiit.
856 2131 974 2189 Cui
1023 2132 1345 2190 suffectum
1407 2135 1791 2207 Giyceriam,
1860 2129 1951 2208 g)

1704 2240 1868 2278 anno

324 2337 362 2368 a
378 2316 972 2440 >d38idomPApfllliDna13
1010 2341 1068 2443 ila
1118 2323 1480 2444 {aneffiyrffm
1520 2323 1733 2444 Avito,2
1753 2338 1942 2443 socerg

437 2399 593 2443 [cato.
675 2408 739 2440 au
768 2429 779 2440 .
870 2411 967 2444 iac..
1067 2432 1078 2443 .
1157 2413 1203 2444 a.
1315 2432 1329 2447 .
1395 2397 1562 2444 ’νασικ
1650 2431 1662 2444 .
1739 2430 1751 2444 .
1811 2411 1860 2446 c.
1935 2430 1950 2444 .

390 2457 461 2529 h)
499 2457 691 2510 Sidon.
734 2457 978 2530 Apollin.
1032 2463 1091 2513 in
1128 2435 1511 2532 Panegyrico?
1549 2463 1818 2530 Majoriuo
1856 2462 1946 2513 di·-

393 2539 497 2580 cto.
538 2530 772 2599 Procop.
830 2532 886 2579 L.
929 2531 978 2588 1.
1034 2533 1100 2583 de
1136 2533 1260 2586 bell.
1312 2534 1533 2585 Vandal.
1589 2538 1654 2597 c)
1712 2532 1944 2593 Idacius,

391 2609 447 2649 et
505 2598 742 2652 Cassiod.
795 2601 994 2653 Chron.
1057 2621 1112 2673 p.
1181 2602 1270 2658 21.
1328 2622 1437 2674 seq.
1494 2604 1642 2655 Paul.
1712 2603 1939 2658 Diacou.

391 2670 450 2721 L.
493 2667 571 2719 16.
612 2670 682 2740 cl)
722 2671 883 2723 idem.
924 2672 1059 2728 ibid.
1096 2673 1354 2744 Theoph.
1393 2694 1448 2745 p.
1489 2672 1573 2725 94.
1613 2677 1675 2737 e)
1719 2672 1942 2724 ldacius.

392 2740 544 2810 cujus
574 2741 780 2797 Chron.
815 2742 907 2794 hic
954 2741 1174 2798 desinici.
1209 2746 1372 2814 Evag.
1423 2746 1487 2794 L.
1516 2743 1570 2799 2.
1616 2763 1660 2794 c.
1698 2739 1761 2793 16
1810 2743 1947 2793 Pro—

391 2829 509 2880 eop.
562 2812 626 2866 L.
672 2810 718 2864 1.
766 2812 832 2862 de
872 2814 999 2865 hell.
1039 2814 1216 2866 Vand.
1254 2814 1491 2885 Niceph.
1543 2816 1607 2868 L.
1652 2810 1734 2864 15.
1773 2830 1814 2862 c.
1859 2810 1949 2865 11.

388 2880 540 2933 Paul.
595 2883 749 2935 Diae.
804 2885 864 2936 L.
920 2882 1002 2938 16.
1040 2882 1120 2953 s)
1172 2885 1411 2938 Cassiod.
1465 2882 1707 2936 Marcell.
1751 2900 1804 2952 p.
1853 2881 1943 2937 44.

390 2952 655 3008 Jornand.
690 2953 754 3003 de
795 2954 965 3010 Getis.
999 2974 1046 3010 c,
1084 2955 1171 3008 45.
1207 2974 1320 3024 seq.
1359 2958 1551 3022 Evagr.
1589 2953 1652 3005 L.
1689 2952 1736 3002 2.
1771 2971 1814 3002 ο.
1856 2951 1941 3008 16.

384 3023 470 3099 g)
509 3023 749 3145 Maiicffill,
791 3043 840 3080 e.
871 3025 957 3079 44.
994 3025 1258 3082 Joruand.
1288 3025 1352 3076 de
1386 3039 1681 3092 regnorum
1716 3023 1939 3074 Succes-

394 3109 565 3147 sione.
679 3115 681 3118 ⁴
712 3131 728 3149 .
