2097 3726
390 151 457 208 51
483 170 512 206 2
839 147 1138 204 Iiistorz'a
1178 147 1437 222 Imperii

295 322 588 384 rebellem
619 319 882 381 feliciter
926 323 1266 404 oppressit,
1334 321 1541 381 Italiae
1577 335 1814 404 partem
1862 325 1972 379 Oc-

297 414 426 469 tom'
476 412 564 468 II.
612 410 878 490 eripuit,
938 413 1233 468 Bccrclczm
1283 412 1554 467 Plzoccmz
1606 410 1973 469 insolescen-

292 512 418 559 tem
468 498 652 575 vicit3
683 520 719 555 a
752 497 1036 581 Bulgaris
1075 498 1251 558 initio
1288 501 1521 571 victus,
1568 497 1821 558 demum
1878 499 1973 556 vi-

292 600 429 646 ctor
491 588 682 670 captis
728 586 822 646 15.
868 584 1116 646 milibus
1147 607 1303 670 quos
1346 586 1540 647 oculis
1577 588 1975 669 privaverat,

289 676 693 735 centesimum
736 694 1056 758 quemque
1106 676 1383 735 illaesum
1423 675 1786 756 relinquens
1832 718 1849 747 ‚
1899 685 1973 731 ut

290 764 508 824 ceteris
550 764 718 822 viam
756 761 1013 825 domum
1049 775 1466 824 monstrarent
1488 810 1502 839 ,
1537 763 1620 824 ob
1648 781 1804 844 quae
1828 761 1976 820 Bul-

288 853 421 934 gari
469 851 565 910 ira
611 850 886 913 furentes
944 852 1269 913 Graeciam
1319 854 1544 912 misere
1619 849 1976 922 vastabant,

286 952 503 999 contra
555 960 716 1022 quos
761 940 1221 1023 expeditionem
1270 961 1525 1022 parans,
1579 959 1742 999 anno
1797 937 1977 1019 regni

288 1028 392 1092 50,
453 1029 518 1088 in
561 1026 854 1088 morbum
903 1026 1154 1103 incidit,
1202 1040 1265 1088 et
1308 1042 1595 1087 mortuus
1634 1040 1725 1087 est
1761 1025 1976 1086 aetatis

289 1119 387 1176 72.
434 1136 543 1176 seu
595 1139 691 1175 an.
746 1116 932 1178 1025.
979 1135 1395 1176 successorem
1441 1115 1807 1198 relinquens
1849 1113 1976 1173 fra-

286 1216 450 1265 trem
495 1225 696 1264 suum.

471 1294 942 1352 Constantinum
987 1293 1096 1352 IX.
1157 1288 1606 1375 Voluptatibus
1653 1289 1974 1365 deditum,

283 1381 394 1464 qui
430 1381 805 1441 Pacinacitas
856 1380 1146 1464 Bulgaria
1190 1378 1405 1465 ejecit,
1440 1380 1781 1439 Sarecenos
1818 1399 1973 1437 vero

285 1468 363 1529 ad
410 1469 638 1531 insulas
694 1471 1006 1546 Cycladas
1055 1470 1205 1530 vicit
1236 1490 1510 1549 cumque
1557 1467 1760 1526 tribus
1798 1468 1973 1526 annis

282 1570 613 1637 regnaret,
652 1558 913 1617 Unicam
973 1555 1164 1617 filiam
1218 1560 1337 1615 Zeo
1397 1556 1666 1616 libenter
1721 1554 1976 1615 vidisset

282 1646 785 1727 Imperatr-icem,
851 1667 1047 1727 quare
1098 1644 1254 1704 Belli
1299 1645 1458 1704 Duci
1509 1666 1621 1705 suo
1689 1647 1974 1702 Romano

282 1733 549 1809 Argyro
599 1734 780 1793 enixe
832 1735 1051 1807 svasit,
1099 1743 1170 1790 ut
1224 1754 1492 1793 uxorem
1548 1753 1722 1792 suam
1771 1731 1973 1814 legiti-=

280 1841 447 1880 mam
503 1819 860 1905 disponeret
897 1820 975 1880 ad
1025 1821 1436 1881 Monasticam
1484 1823 1682 1880 vitam
1740 1818 1973 1903 ample-

278 1905 564 1967 ctendam
589 1951 606 1982 ‚
633 1911 744 1991 qui
783 1928 953 1968 casus
985 1907 1150 1991 apud
1185 1910 1456 1969 Graecos
1498 1909 1972 1968 matrimonium

279 1992 561 2055 dissolvit
603 1999 787 2057 etiam
831 1997 1044 2079 quoad
1096 1997 1431 2056 vinculum.
1522 1997 1723 2069 Quam
1765 1997 1972 2079 Impe-

281 2085 587 2166 peratoris
633 2085 1021 2145 voluntatem
1077 2087 1387 2144 cedrenus
1432 2085 1517 2144 sic
1553 2084 1781 2145 refert:
1828 2086 1970 2143 Aut

281 2174 404 2228 Zoe
464 2176 739 2231 ducenda
780 2219 796 2247 ,
850 2186 963 2231 aab
1027 2177 1220 2231 oculis
1279 2176 1634 2232 carendum.
1702 2174 1769 2253 (ι)
1828 2172 1969 2244 Quo

279 2256 440 2318 facto
494 2263 813 2319 Romanus
862 2264 1044 2319 Zoem
1081 2261 1366 2323 Uxorem
1415 2259 1635 2337 duxit,
1678 2276 1741 2322 et
1785 2260 1970 2321 simul

278 2367 586 2407 successor
636 2361 876 2409 creatus
917 2363 1021 2408 est.

453 2438 772 2497 Romanas
819 2438 908 2495 II.
956 2444 1266 2517 Argyra&
1315 2461 1407 2498 an.
1460 2441 1644 2499 1028.
1699 2459 1848 2497 mox
1904 2438 1969 2496 in

279 2521 486 2583 Sicilia
530 2547 787 2608 quoque
820 2523 1146 2588 infeliciter
1179 2528 1515 2611 pugnavit,
1555 2527 1668 2608 qui
1728 2525 1883 2585 dum
1932 2548 1969 2583 a

275 2609 540 2694 conjuge
583 2635 692 2673 sua
736 2617 866 2672 Zoa
894 2635 1140 2675 veneno
1169 2627 1468 2690 tentatus,
1510 2628 1781 2688 mortem
1821 2634 1967 2673 eva—

277 2699 447 2759 sisset
478 2746 493 2776 ,
555 2724 590 2760 a
658 2704 969 2761 Mic-baele
1037 2706 1356 2782 Paphlego
1408 2705 1625 2762 uxoris
1673 2701 1963 2761 adultero

276 2785 499 2848 balneo
544 2789 898 2851 submersus
957 2793 1230 2867 interiit,
1286 2795 1417 2874 ipse
1471 2812 1624 2850 vero
1684 2792 1969 2849 -Miclzael

277 2878 479 2934 statim
536 2898 679 2939 cum
735 2881 853 2939 Zoe
899 2879 1255 2961 copulatuS‚
1294 2881 1635 2963 Imperium
1672 2877 1961 2938 obtinuit.

1729 2970 1871 3025 stli-

347 3067 403 3127 α)
425 3064 658 3117 Zonaras
674 3067 833 3138 paulo
857 3068 1012 3122 aliter
1027 3068 1215 3124 refert.
1241 3080 1294 3122 et
1310 3068 1482 3129 Mioh,
1502 3069 1722 3140 GlycaS.
1745 3069 1888 3125 Part.
1906 3068 1955 3121 4.
