2097 3726
1578 174 1611 188 av

543 179 846 236 Historia
893 177 1275 235 Auca-orma.
1533 193 1656 258 209

44 359 287 416 bertum
327 375 538 436 regem
576 349 653 411 ad
698 350 918 411 Albim
966 352 1165 418 victus
1212 350 1434 427 fuerit,
1482 373 1608 412 non
1654 362 1744 411 ta·

44 467 189 506 men
230 447 286 506 ei
324 446 494 527 prius
538 461 790 526 pacem,
837 462 1028 521 quam
1076 457 1399 502 numerata
1444 442 1742 522 pecunia,

46 535 362 594 concessit.
433 531 551 589 An.
606 531 749 610 595.
827 532 1196 605 Gisulplumz
1235 531 1314 610 a)
1355 527 1747 609 Forojulien-

44 645 172 682 sem
219 622 452 680 Ducem
502 617 862 701 profligavit
907 630 966 677 et
1015 618 1275 695 occidit,
1342 618 1597 700 ejusque
1650 620 1751 676 Vi·-

46 710 232 769 duam
280 711 634 767 Romilclcmz
675 705 1074 765 memorabili
1128 707 1431 790 supplicio
1479 705 1739 765 sustulit.

48 798 200 858 Inde
234 801 295 856 in
333 800 638 856 orientem
674 816 992 869 reversus,
1040 820 1136 855 an.
1179 800 1320 878 599.
1362 797 1746 854 filataritium

46 890 195 970 Imp.
246 885 327 945 ob
365 884 735 967 denegatum
771 883 1024 943 solitum
1071 891 1172 947 80.
1218 883 1484 942 millium
1526 905 1748 943 aureo-

48 997 192 1035 rum
227 973 536 1033 tributum
577 975 868 1040 vexavit,
930 973 1014 1051 b)
1063 996 1187 1057 qna
1240 986 1604 1055 tempestate
1654 972 1750 1030 in-

51 1084 342 1123 numeros
392 1064 669 1145 captivos
714 1058 979 1142 jugulari
1020 1060 1227 1144 jussit,
1276 1060 1446 1142 quod
1485 1082 1586 1121 eos
1625 1065 1751 1119 Im—

47 1166 297 1234 perator
348 1151 458 1209 vili
509 1150 654 1210 licet
702 1153 906 1233 pretio
955 1153 1198 1210 viritim
1251 1147 1512 1208 dimidio
1556 1169 1749 1207 numo

46 1238 354 1300 redimere
389 1240 678 1298 noluerit.
730 1240 946 1298 Iterim
987 1241 1249 1300 extortis
1291 1261 1475 1321 supra
1514 1239 1752 1320 stipen-

47 1326 218 1386 dium
284 1348 380 1387 20.
444 1328 719 1387 millibus
772 1350 1152 1401 aureorum,
1222 1349 1435 1409 pacem
1493 1350 1562 1387 ea
1617 1325 1752 1407 lege

45 1419 431 1499 composuit,
499 1433 570 1476 ut
612 1418 938 1497 utriusque
984 1419 1161 1498 regni
1214 1417 1390 1476 limes
1430 1413 1752 1474 Danubius

48 1519 239 1578 esset,
303 1528 424 1586 qua
468 1519 675 1565 tamen
719 1504 900 1564 brevi
946 1506 1398 1576 interturbata,
1465 1525 1594 1562 non
1636 1502 1753 1560 nisi

46 1614 143 1651 an.
183 1592 248 1651 6]
273 1595 326 1653 5.
369 1616 482 1676 per
517 1597 893 1651 Iler-acham
933 1592 1168 1653 bellum
1207 1594 1411 1653 Persis
1448 1589 1752 1650 meditari*

47 1693 206 1752 tem,
255 1682 619 1741 muneribus
659 1681 917 1763 placati,
965 1682 1036 1761 c)
1081 1681 1263 1741 brevi
1289 1695 1494 1739 tamen
1528 1702 1560 1735 a
1603 1680 1756 1738 Per-

46 1771 123 1829 sis
180 1771 413 1828 incitati
477 1794 572 1829 an.
624 1769 770 1832 626.
827 1768 1434 1852 Constantinopolim
1493 1765 1760 1827 obsede-

49 1872 242 1932 runt,
292 1857 456 1918 unde
492 1881 636 1919 cum
675 1880 898 1939 magna
942 1880 1198 1919 suorum
1243 1857 1483 1941 jactura
1530 1877 1750 1916 rever-

45 1948 131 2021 si,
180 1945 430 2007 tandem
471 1948 586 2007 snb
636 1951 1047 2008 Constantino
1087 1948 1419 2006 amicitiam
1461 1967 1602 2004 cum
1625 1947 1755 2013 Ro-

49 2037 247 2094 manis
288 2037 611 2097 iniverunt
649 2049 879 2096 tantam
909 2082 925 2111 ,
985 2035 1064 2116 (Ι)
1111 2050 1182 2095 ut
1221 2038 1621 2094 Justinicmas
1672 2034 1755 2092 II.

70 2124 360 2202 Cllccgcmi
403 2147 687 2186 sororem
740 2128 1155 2200 Theodoram,
1233 2128 1363 2182 Leo
1407 2145 1561 2184 vero
1603 2127 1756 2205 Imp.

66 2213 352 2290 Clzagcmi
395 2211 584 2272 filiam
625 2217 917 2273 Eirenem
953 2235 1072 2297 pro
1132 2212 1261 2274 filio
1300 2235 1409 2273 suo
1461 2214 1763 2269 Constan-

56 2303 186 2358 tino
246 2303 611 2376 Copronimo
660 2305 726 2361 in
765 2325 1028 2363 uxorem
1073 2304 1354 2362 sociaret.
1426 2300 1612 2360 Unde
1653 2321 1764 2383 pa—

55 2399 144 2448 tet
189 2387 264 2445 ad
318 2411 412 2446 an.
459 2392 601 2466 752.
649 2390 1013 2450 Avarorum
1052 2393 1404 2473 principem
1449 2387 1614 2447 haud
1664 2388 1764 2445 vi-

55 2473 364 2559 lipensum
399 2475 582 2537 fuisse
623 2477 788 2567 apud
824 2483 1312 2562 Imperatorem,
1345 2477 1517 2560 quod.
1555 2481 1759 2562 ipsum

1617 2578 1678 2627 et

127 2738 197 2801 a)
245 2736 318 2786 De
353 2736 652 2808 GisulphO.
692 2746 746 2788 et
778 2736 1233 2800 circumstantii3‚
1269 2737 1384 2807 lege
1420 2737 1568 2789 Paul.
1605 2737 1763 2787 VVar-

196 2803 406 2859 nafred.
443 2808 509 2858 de
541 2818 669 2877 gest.
708 2808 952 2875 Longob.
993 2809 1055 2860 L.
1090 2806 1139 2859 2.
1180 2827 1227 2862 e.
1264 2808 1312 2861 9.
1345 2817 1396 2857 et
1435 2808 1493 2858 L.
1518 2804 1568 2858 4.
1608 2825 1650 2856 c.
1678 2804 1766 2859 38.

195 2874 266 2948 b)
306 2877 630 2930 Musantius.
672 2879 804 2929 sah.
840 2877 1044 2929 Chron.
1089 2896 1142 2947 p.
1184 2875 1308 2931 287.
1362 2876 1766 2947 Theophylact.

198 2946 259 2997 L.
298 2944 351 3002 7.
397 2968 440 3000 c.
478 2948 558 3002 13.
609 2948 674 3021 c)
726 2947 960 3018 Niceph.
1013 2948 1201 2999 Const.
1248 2948 1306 3000 in
1355 2948 1514 2999 Brcv.
1569 2965 1622 3016 p.
1682 2945 1765 2999 10.

197 3016 399 3076 Zonar.
456 3021 518 3073 L.
561 3018 638 3073 14.
699 3038 743 3071 c.
789 3016 868 3070 15.
939 3017 1011 3089 d)
1064 3018 1392 3089 Theophan.
1448 3037 1497 3088 p.
1545 3016 1663 3070 296.
1715 3028 1770 3068 et

199 3086 259 3138 L.
301 3088 385 3143 24.
426 3109 470 3143 e.
506 3090 593 3144 23.
631 3089 903 3144 Pet-avius.
940 3088 1006 3140 de
1043 3089 1307 3162 Apparat.
1354 3088 1494 3142 Hist.
1539 3090 1765 3160 Byzant.
