2097 3726
573 185 853 240 Romano
898 179 1266 237 Germanici.
1554 174 1633 237 56
1651 204 1664 242 1

84 361 295 445 spania
329 359 587 431 terruit,
634 355 993 416 Britanniae
1027 367 1297 434 partem,
1339 366 1401 414 et
1432 355 1624 413 totam
1651 354 1775 412 Bo-

82 449 343 535 joariam
397 448 513 507 sibi
572 443 880 527 subjecit,
952 441 1020 519 a)
1087 442 1316 523 quibus
1358 445 1540 525 gestis
1599 441 1774 501 incli-

83 553 181 597 tus
218 538 447 615 Magni
482 556 710 594 nomen
757 534 818 591 in
852 530 1007 590 orbe
1053 533 1280 590 meruit
1304 577 1318 605 ,
1341 553 1409 590 ac
1448 530 1777 590 restaurati

86 625 424 686 occidentis
464 623 755 704 Imperii,
804 621 1118 679 communi
1157 620 1412 679 Senatus
1457 633 1518 679 et
1553 618 1781 702 Populi

84 714 520 774 acclamatione
586 711 1018 769 Romanorum
1074 713 1426 791 Imperator
1472 707 1783 767 Salutatus

88 816 150 863 et
186 815 509 861 coronatus
562 814 654 859 est
696 821 730 857 a
767 801 972 856 Leone
1013 799 1142 854 III.
1188 796 1488 857 Pontifice
1531 799 1596 855 in
1646 797 1779 878 ipso

83 892 441 951 Nativitatis
489 887 644 947 festo
679 885 906 947 Christi
954 909 1047 944 an.
1100 888 1245 946 800.
1292 899 1388 946 ter
1445 885 1788 945 acclaman-

83 991 144 1038 te
192 979 434 1061 populo
500 979 787 1036 Romano
841 977 1004 1035 inter
1054 974 1385 1033 Missarum
1455 974 1785 1047 Solennia‚

85 1064 236 1126 haec
282 1066 513 1128 verba:
574 1068 797 1124 Carolo
847 1065 1142 1142 „Augusto
1189 1087 1230 1121 a
1274 1066 1412 1121 Deo
1454 1073 1783 1132 coronato,

82 1161 315 1236 magno
368 1167 429 1212 et
465 1157 737 1232 pacifico
788 1156 1177 1228 Imperatori
1220 1156 1356 1209 vita
1390 1164 1451 1210 eb
1499 1154 1786 1211 victoria.

81 1246 146 1322 ὂ)
210 1242 314 1302 Ad
368 1241 485 1303 hoc
546 1244 803 1325 Imperii
857 1244 1125 1302 Romani
1203 1241 1450 1301 culmen
1527 1243 1786 1299 Carolus

86 1336 178 1392 M.
228 1332 461 1417 triplici
498 1330 636 1416 jure
681 1332 1006 1415 pervenit:
1055 1352 1280 1412 nempe
1323 1333 1365 1388 l.
1415 1330 1570 1389 ιῘιινε
1619 1329 1791 1386 Bella·

86 1424 236 1505 quia
289 1424 458 1481 victo
514 1417 1087 1502 Longobardorum
1147 1441 1330 1500 rege,
1376 1418 1588 1478 Italiae
1650 1438 1795 1498 reg-

87 1532 244 1569 num
282 1509 505 1570 bellica
552 1512 790 1568 virtute
833 1507 1118 1568 obtinens
1147 1554 1161 1578 ‚
1205 1505 1359 1565 illud
1413 1504 1550 1589 jure
1595 1507 1795 1564 victo-

87 1601 223 1658 riae
277 1599 398 1658 sibi
453 1599 729 1658 asseruit.
822 1596 899 1654 ΙΙ.
964 1598 1117 1654 Jccre
1167 1599 1662 1667 ίναηςαοίίοηίε,
1732 1592 1793 1671 c)

86 1690 236 1770 quia
277 1690 460 1746 Irene
514 1687 774 1746 orientis
816 1685 1196 1766 Imperatrix
1224 1729 1238 1756 ,
1285 1696 1356 1742 ut
1393 1698 1455 1743 et
1495 1683 1624 1764 ejus
1657 1702 1798 1741 suc-

85 1797 290 1837 cessor
330 1777 722 1851 Nicephorus
768 1776 965 1833 missis
1011 1772 1088 1831 ad
1146 1775 1442 1832 Carolzem
1489 1775 1581 1832 DJ.
1631 1771 1796 1852 lega-

83 1866 159 1924 tis
184 1911 199 1940 ‚
234 1864 571 1926 occidentis
601 1864 860 1948 Imperii
896 1863 1007 1920 Jus
1041 1863 1097 1922 ei
1154 1863 1469 1922 concessit.
1516 1862 1624 1922 ΙΙΙ.
1681 1861 1795 1918 Ja-

86 1977 156 2012 re
205 1949 576 2026 Είθοιὲὶοηίε,
626 1975 770 2011 nam
823 1950 1089 2034 populus
1140 1950 1464 2011 Romanus
1518 1950 1795 2009 unanimi

85 2056 238 2102 voto
303 2044 723 2121 Imperatoris
770 2040 1023 2100 titulum
1071 2042 1126 2100 ei
1178 2037 1451 2099 detulit:
1526 2038 1603 2099 de
1675 2060 1799 2119 qua

92 2130 396 2191 electione
466 2133 630 2190 inter
685 2130 835 2188 alios
905 2128 974 2208 d)
1036 2130 1361 2204 Otmplzc'zcs
1421 2130 1508 2189 sic
1566 2128 1798 2187 refert:

93 2220 256 2279 Cum
316 2222 577 2279 Carolus
641 2220 916 2301 primum
964 2222 1314 2300 Imperator
1362 2232 1424 2276 et
1470 2220 1797 2299 Augustus

97 2310 499 2368 renunciatus
546 2306 1150 2377 suisset‚aRomano
1189 2304 1493 2367 Pontifice
1526 2303 1802 2388 ungeba-

95 2407 205 2455 tur
228 2440 244 2470 ‚
279 2417 565 2478 auroque
599 2393 940 2454 diademate
971 2393 1391 2454 coronabatur
1415 2441 1432 2471 ,
1471 2409 1800 2476 tamquam

1573 2483 1706 2543 Ro-

165 2675 241 2739 a)
285 2673 524 2727 Aimoin.
565 2674 626 2725 L.
660 2671 710 2726 4.
753 2693 799 2726 e.
839 2670 920 2725 78.
972 2672 1212 2725 Britania
1263 2673 1448 2725 minor
1498 2671 1558 2724 in
1616 2671 1795 2725 Gallia

236 2744 528 2801 rebellans,
563 2744 732 2800 idern.
779 2743 847 2795 de
901 2743 1172 2812 Bojoariis
1234 2743 1295 2795 L.
1351 2743 1401 2795 4.
1455 2763 1503 2799 c.
1557 2740 1638 2794 79.
1683 2760 1798 2813 seq.

238 2815 499 2868 Aventia.
547 2818 685 2866 Ann.
730 2815 911 2884 Bojor.
949 2814 1010 2866 L.
1045 2813 1097 2866 3.
1133 2814 1467 2866 BrunnemS.
1500 2815 1649 2867 Ann.
1690 2813 1801 2864 Bo-

239 2885 344 2954 jor.
383 2888 444 2940 L.
481 2887 530 2938 5.
604 2883 677 2955 b)
717 2885 1034 2940 NaucleruS.
1065 2884 1284 2936 Volum.
1323 2883 1375 2935 2.
1416 2884 1673 2939 Generat.
1707 2881 1797 2940 37.

240 2955 314 3027 c)
351 2957 596 3011 Aimoin.
632 2956 699 3012 L.
731 2955 783 3014 4.
824 2975 871 3012 c.
908 2953 993 3006 91.
1026 2956 1283 3010 Graecor.
1332 2953 1563 3010 Miscell.
1607 2953 1668 3006 L.
1713 2952 1801 3008 23.

239 3027 373 3079 item
410 3029 555 3083 Ann.
586 3026 840 3080 FuldenS.
895 3022 970 3096 cl)
1010 3025 1278 3095 Sigebert.
1311 3024 1579 3077 Gemblat.
1615 3027 1798 3078 Aven-

245 3096 412 3153 tinus.
450 3097 729 3156 Marianus
761 3097 979 3156 ScotuS.
1014 3096 1253 3156 Aimoin.
1286 3096 1347 3150 L.
1376 3094 1424 3150 4.
1469 3112 1514 3151 c.
1548 3093 1636 3148 90.
