2097 3726
1628 197 1660 212 -r

524 204 1310 258 Romanorum.
1540 214 1662 279 190

51 381 238 441 terim
270 376 388 439 hoc
421 378 718 461 temporis
757 373 1121 448 intervallo,
1170 396 1297 457 quo
1336 371 1742 456 Longobardi

51 470 111 527 in
160 468 336 528 ltalia
381 465 903 538 dominabantur,
970 484 1256 544 magnam
1301 462 1497 521 adhuc
1534 461 1744 523 Italiae

50 570 288 639 partem
320 555 544 614 Graeci
588 564 965 624 tenuerunt,
1013 573 1201 633 quam
1246 573 1357 634 per
1396 549 1748 611 Praefectos

45 668 153 705 seu
215 645 542 701 Exarchos
598 643 796 723 (quos
842 642 1257 723 Imperatores
1308 639 1746 698 Constantino-

45 732 174 816 poli
210 754 283 791 eo
319 733 566 790 mittere
605 727 971 805 solebant,)
1014 727 1483 809 gubernarunt,
1522 728 1602 805 a)
1644 749 1744 786 se-

44 821 313 901 demque
359 820 694 878 Ravennae
751 815 1066 890 fixerunt,
1150 819 1261 897 qui
1305 813 1742 895 Longobardis

43 921 291 968 strenue
332 909 726 980 resistenteS,
785 905 1045 988 Imperii
1095 902 1246 964 fines
1299 904 1597 962 continuo
1653 902 1743 963 ibi

45 995 408 1054 tutabantur
460 993 604 1054 inde
657 993 741 1051 ab
780 1015 945 1052 anno
993 990 1100 1052 Ch.
1161 992 1305 1052 568.
1386 1013 1582 1073 usque
1635 1014 1745 1050 an—

42 1106 195 1143 num
244 1084 386 1162 752.
442 1105 512 1141 ac
550 1085 736 1166 proin
779 1083 1193 1140 Exarclmcas
1239 1083 1740 1138 Ravennatem-sis

41 1172 173 1232 sere
234 1172 373 1230 185.
434 1173 612 1230 annis
665 1169 979 1231 celebrem
1038 1171 1431 1241 existentiam
1484 1165 1739 1228 habuit:

47 1262 149 1318 cni
185 1257 373 1319 finem
408 1259 556 1320 fecit
584 1262 969 1335 Adstalpmm
1004 1256 1571 1341 Longobardorum
1606 1278 1743 1330 rex,

42 1350 406 1408 Ravennam
453 1350 641 1406 armis
682 1345 1078 1431 occupando,
1109 1348 1190 1425 b)
1239 1345 1344 1406 sed
1384 1342 1636 1404 demum
1676 1355 1741 1404 et

43 1436 529 1518 Longobardico
562 1457 757 1517 regno
797 1457 1052 1509 merse,
1100 1433 1349 1494 tandem
1372 1445 1503 1492 tota
1536 1432 1734 1504 Italia,

40 1547 202 1606 quae
253 1523 544 1585 haetenus
581 1523 695 1584 sub
736 1520 1152 1596 Exarchatus‚
1200 1535 1262 1583 et
1298 1518 1738 1601 Longobardi*

39 1616 94 1672 ci
143 1616 320 1695 regni
376 1616 630 1672 nomine
679 1611 1008 1685 veniebat,
1078 1611 1141 1668 in
1194 1620 1564 1693 potestatem
1615 1607 1744 1667 Re-

43 1723 190 1783 gum
238 1703 620 1761 Francorum
674 1700 939 1759 coaluit:
1002 1696 1078 1776 c)
1136 1718 1414 1780 qnorum
1459 1716 1574 1755 rex
1619 1696 1739 1752 Ca-

40 1793 211 1846 rolus
250 1793 341 1848 M.
385 1791 663 1872 primum
703 1811 738 1845 a
782 1789 1069 1848 Romano
1111 1785 1344 1869 populo
1396 1785 1742 1859 Patricius,

40 1877 186 1937 dein
211 1877 566 1938 Occidentis
591 1882 943 1959 Imperator
977 1889 1069 1937 est
1091 1875 1419 1950 salutatus3
1446 1872 1530 1952 d)
1569 1894 1745 1932 cum-

42 1988 168 2049 que
238 1966 544 2027 talismodi
616 1966 982 2026 restauratio
1043 1964 1303 2048 Imperii
1350 1959 1748 2028 occidentalis

902 2077 945 2113 n
1467 2071 1653 2132 agen-

106 2225 183 2297 a)
236 2227 455 2278 Primus
498 2224 785 2278 Exarehus
818 2226 876 2277 -in
918 2225 1130 2278 Italiam
1181 2242 1211 2275 a
1250 2222 1464 2274 Justino
1503 2219 1577 2277 ΙΙ..
1601 2223 1740 2276 mis-

179 2306 269 2346 sus
308 2307 387 2347 est
418 2297 730 2365 Longinus,
800 2305 935 2347 teste
974 2295 1130 2352 Paul.
1169 2296 1400 2348 Diacon.
1445 2295 1507 2346 L.
1552 2292 1637 2349 18.
1685 2305 1742 2345 et

178 2367 458 2417 Constant.
511 2367 928 2436 Porpliyrogen.
987 2365 1054 2417 de
1116 2364 1280 2419 Adm.
1341 2365 1480 2435 Imp.
1559 2384 1604 2416 o.
1651 2364 1738 2416 27.

175 2434 249 2505 b)
290 2436 606 2488 Anastasius
661 2437 718 2486 in
755 2435 1033 2506 Stephano
1081 2436 1168 2488 ΠΙ.
1212 2452 1386 2505 quum
1431 2433 1738 2505 Eutychius

179 2507 409 2557 ultimus
433 2505 712 2556 Exarchus
747 2505 1277 2575 Constantinopolim
1315 2515 1456 2555 esset
1494 2503 1736 2572 fugatus.

179 2576 452 2644 Sigonius,
489 2575 550 2626 L.
586 2573 642 2629 3.
684 2574 750 2624 de
780 2592 895 2643 reg.
928 2575 1096 2626 Italia.
1136 2575 1203 2645 c)
1243 2574 1547 2626 Aimoinus.
1587 2576 1652 2630 L.
1687 2573 1736 2628 4.

185 2665 235 2697 c.
279 2644 364 2696 69.
405 2644 487 2698 70.
527 2643 822 2713 Eginhard,
865 2646 923 2694 in
969 2645 1079 2695 vita
1127 2644 1307 2696 Caroli
1343 2646 1414 2695 M.
1459 2644 1533 2713 d)
1570 2643 1739 2702 Idem.

180 2715 315 2766 ibid.
348 2714 530 2766 refert.
570 2717 627 2766 in
657 2713 793 2765 festo
830 2713 1144 2766 Nativitatis
1181 2714 1405 2765 Christi.
1437 2732 1487 2767 a.
1525 2714 1646 2766 800.
1680 2715 1737 2766 in

179 2785 386 2855 templo
445 2786 505 2840 S.
567 2785 713 2836 Petri
763 2786 943 2836 Leone
995 2784 1085 2838 ΙΙΙ.
1143 2783 1405 2834 Pontifice
1461 2783 1736 2835 Coronam

181 2858 528 2925 imponente,
569 2865 622 2906 et
656 2854 986 2906 acclamante
1018 2854 1223 2904 Senatu
1253 2871 1313 2903 ac
1350 2853 1590 2922 Populo:
1632 2855 1737 2905 Ca-

178 2929 294 2978 rola
331 2933 573 2995 Augusto
608 2944 636 2976 a
677 2927 795 2976 Deo
844 2926 1120 2976 Coronato
1143 2962 1156 2984 ‚
1215 2923 1411 2989 Magno
1448 2931 1500 2971 et.
1545 2924 1739 2978 Pacifi-

178 3015 242 3047 co
288 2996 610 3066 Imperatori
652 2996 1027 3047 Romanorum
1069 2994 1180 3045 vita
1221 3002 1276 3044 et
1309 2993 1555 3052 victoria,
1606 2994 1740 3046 Item

177 3067 468 3120 Aimoinns
500 3067 561 3120 L.
597 3065 649 3123 4.
681 3086 725 3118 c.
766 3065 850 3118 90.
887 3067 1026 3117 Ann.
1061 3063 1321 3119 fuldens.
1359 3063 1424 3114 ad
1457 3082 1503 3118 a.
1542 3061 1668 3122 801.
