2097 3726
16 220 242 275 Status
259 219 621 296 Religiomsx
643 218 860 275 Seculo
886 218 999 276 VI.
1025 219 1177 279 VII.
1195 231 1255 279 et
1279 223 1473 282 VIII.
1503 226 1627 311 259

14 388 196 453 titulo
251 391 587 453 notabatur
612 439 630 468 ,
677 414 865 474 quam
908 413 1167 454 crassam
1202 399 1615 479 ignorantiam
1655 418 1716 466 et

11 482 338 563 caliginem
375 496 691 563 utcunque
733 480 1060 563 dispellere
1098 488 1443 548 conabatur
1479 513 1716 553 succes-

14 572 143 630 sive
191 573 449 629 Ceu-olus
484 572 573 626 M.
612 571 954 628 Parisinam
994 572 1476 638 Universitatem
1508 625 1522 653 ‚
1571 580 1715 640 fun—

14 657 219 717 dando
252 659 331 738 a)
380 673 439 718 et
476 657 641 716 illam
679 656 857 716 libris
898 658 1335 742 locupletando
1363 712 1377 739 ,
1429 684 1570 749 post
1604 691 1713 729 cu-

17 745 106 826 jus
149 761 356 808 tamen
396 746 640 811 obitum
693 744 901 807 denuo
949 748 1185 809 ruditas
1227 753 1522 830 invaluit3
1591 781 1710 817 un·-

20 834 86 895 .le
125 857 345 917 paucos
379 833 712 893 admodum
750 832 896 895 haec
929 852 1090 896 aetas
1116 856 1402 901 numerat
1434 845 1710 908 celebres

14 927 377 1006 scriptores:
428 924 625 1005 qualis
665 937 800 982 erat
835 926 1085 1003 Eligius
1126 929 1559 991 Noviomensis
1592 936 1704 1018 Ep.

8 1014 292 1070 Isidorus
341 1012 725 1096 Hispalensis
775 1013 885 1095 Ep.
963 1015 1225 1099 Scriptis
1277 1015 1586 1082 historicis
1641 1037 1709 1085 et

2 1101 341 1161 moralibus
409 1103 673 1183 insignis,
774 1102 1116 1179 Ilclefhnsas
1185 1105 1556 1183 ToletanuS‚
1626 1110 1704 1173 de

5 1190 435 1272 Scriptoribus
476 1190 912 1250 Ecclesiasticis
955 1191 1227 1252 illustris
1303 1199 1703 1260 Venerabilis

0 1280 179 1337 Beda
214 1279 587 1355 Britannus,
653 1281 1046 1361 antiquitatis
1090 1283 1314 1364 peritia
1367 1285 1707 1348 celeberri-

0 1388 149 1425 mus.
222 1368 528 1426 Alcuizzus
586 1369 921 1427 Britannus
982 1370 1283 1451 Magister
1345 1375 1557 1435 Caroli
1606 1381 1707 1438 M,

0 1454 381 1522 clarissimus
474 1459 779 1514 Paulinus
840 1456 1258 1540 Aquilejensis
1321 1463 1696 1526 Patriarcha.

0 1545 232 1602 Paulus
266 1548 339 1602 V
328 1547 695 1619 arneft'iclus
728 1545 1039 1603 Diaconus
1070 1546 1490 1630 Aquilejensis
1510 1597 1526 1625 ‚
1562 1556 1700 1611 De-

0 1635 210 1690 sideru‘
270 1633 833 1715 Longobardorum
902 1635 1068 1714 regis
1122 1635 1327 1694 ultimi
1382 1639 1699 1700 Cancella-

0 1723 162 1795 rim,
211 1722 522 1782 Historiae
562 1720 1039 1804 Longobardiae
1078 1735 1142 1782 et
1186 1724 1498 1788 Miscellae
1536 1733 1699 1790 scri-

0 1822 152 1893 ptor.
239 1809 317 1888 b)
386 1813 755 1887 Bonifacius
818 1811 1284 1875 Germanorum
1340 1815 1694 1901 Apostolus,

0 1900 319 1958 Adrianus
366 1899 412 1959 I.
462 1897 771 1960 Pontifex.

778 2762 874 2818 r2
1431 2759 1601 2824 CA-

54 2946 92 2978 α
108 2924 452 3066 ζεξῗᾞζζὲῗ·
480 2928 1194 3062 ffg'fflssz‘ffssifflaffabilia}
1212 2928 1541 3058 fffitnss‘ffiffl
1562 2934 1693 3061 ³²32:

121 3069 261 3118 rolo.
303 3066 370 3133 b)
415 3070 625 3125 Frider.
650 3070 1031 3140 Spanhemius.
1063 3073 1468 3145 Gompendiosa
1500 3080 1681 3131 Intro-

124 3138 415 3190 ductioad
451 3141 595 3195 Hist.
628 3141 774 3192 Eccl.
810 3160 863 3211 p.
902 3141 1022 3195 245.
1055 3161 1166 3212 seq.
