<?xml version="1.0" encoding="UTF-8"?>
<!DOCTYPE html PUBLIC "-//W3C//DTD XHTML 1.0 Transitional//EN"
    "http://www.w3.org/TR/xhtml1/DTD/xhtml1-transitional.dtd">
<html xmlns="http://www.w3.org/1999/xhtml" xml:lang="en" lang="en">
 <head>
  <title>
</title>
<meta http-equiv="Content-Type" content="text/html;charset=utf-8" />
  <meta name='ocr-system' content='tesseract 3.04.00' />
  <meta name='ocr-capabilities' content='ocr_page ocr_carea ocr_par ocr_line ocrx_word'/>
</head>
<body>
  <div class='ocr_page' id='page_1' title='image "./historiauniversa02nagy_0154.png"; bbox 0 0 2097 3726; ppageno 0'>
   <div class='ocr_carea' id='block_1_1' title="bbox 359 233 1403 296">
    <p class='ocr_par' dir='ltr' id='par_1_1' title="bbox 359 233 1403 296">
     <span class='ocr_line' id='line_1_1' title="bbox 359 233 1403 296; baseline -0.005 0"><span class='ocrx_word' id='word_1_1' title='bbox 359 238 478 296; x_wconf 72' lang='grc'><strong>154</strong></span> <span class='ocrx_word' id='word_1_2' title='bbox 803 233 1403 291; x_wconf 72' lang='lat' dir='ltr'><em>Historia</em></span> 
     </span>
    </p>
   </div>
   <div class='ocr_carea' id='block_1_2' title="bbox 270 405 1992 2682">
    <p class='ocr_par' dir='ltr' id='par_1_2' title="bbox 270 405 1992 1911">
     <span class='ocr_line' id='line_1_2' title="bbox 270 405 1984 492; baseline -0.001 -21"><span class='ocrx_word' id='word_1_3' title='bbox 270 413 517 485; x_wconf 77' lang='lat' dir='ltr'><strong>verint3</strong></span> <span class='ocrx_word' id='word_1_4' title='bbox 564 410 651 485; x_wconf 78' lang='lat' dir='ltr'><strong>a)</strong></span> <span class='ocrx_word' id='word_1_5' title='bbox 697 405 776 469; x_wconf 86' lang='lat' dir='ltr'><strong>de</strong></span> <span class='ocrx_word' id='word_1_6' title='bbox 822 408 1051 490; x_wconf 89' lang='lat' dir='ltr'><strong>quibus</strong></span> <span class='ocrx_word' id='word_1_7' title='bbox 1092 408 1338 492; x_wconf 84' lang='lat' dir='ltr'>plenam</span> <span class='ocrx_word' id='word_1_8' title='bbox 1382 410 1715 470; x_wconf 82' lang='lat' dir='ltr'><strong>victoriam</strong></span> <span class='ocrx_word' id='word_1_9' title='bbox 1752 432 1984 492; x_wconf 87' lang='lat' dir='ltr'><strong>repor-</strong></span> 
     </span>
     <span class='ocr_line' id='line_1_3' title="bbox 270 498 1982 572; baseline -0.001 -12"><span class='ocrx_word' id='word_1_10' title='bbox 270 515 511 560; x_wconf 84' lang='lat' dir='ltr'><strong>taturus</strong></span> <span class='ocrx_word' id='word_1_11' title='bbox 588 511 723 559; x_wconf 87' lang='lat' dir='ltr'><strong>erat</strong></span> <span class='ocrx_word' id='word_1_12' title='bbox 748 543 764 572; x_wconf 79' lang='grc'>,</span> <span class='ocrx_word' id='word_1_13' title='bbox 854 498 974 557; x_wconf 89' lang='lat' dir='ltr'><strong>nisi</strong></span> <span class='ocrx_word' id='word_1_14' title='bbox 1040 501 1257 558; x_wconf 75' lang='lat' dir='ltr'><strong>Gallus</strong></span> <span class='ocrx_word' id='word_1_15' title='bbox 1322 513 1637 560; x_wconf 75' lang='lat' dir='ltr'><strong>extremae</strong></span> <span class='ocrx_word' id='word_1_16' title='bbox 1711 500 1982 559; x_wconf 81' lang='lat' dir='ltr'><strong>Moesiae</strong></span> 
     </span>
     <span class='ocr_line' id='line_1_4' title="bbox 271 584 1985 669; baseline -0.002 -20"><span class='ocrx_word' id='word_1_17' title='bbox 271 587 665 660; x_wconf 81' lang='lat' dir='ltr'><strong>Praefectus,</strong></span> <span class='ocrx_word' id='word_1_18' title='bbox 713 584 845 669; x_wconf 88' lang='lat' dir='ltr'><strong>ejus</strong></span> <span class='ocrx_word' id='word_1_19' title='bbox 887 586 1214 648; x_wconf 88' lang='lat' dir='ltr'><strong>consilium</strong></span> <span class='ocrx_word' id='word_1_20' title='bbox 1254 586 1416 648; x_wconf 88' lang='lat' dir='ltr'><strong>hosti</strong></span> <span class='ocrx_word' id='word_1_21' title='bbox 1455 587 1985 664; x_wconf 79' lang='lat' dir='ltr'><strong>manifestavisset3</strong></span> 
     </span>
     <span class='ocr_line' id='line_1_5' title="bbox 272 675 1988 761; baseline -0.001 -25"><span class='ocrx_word' id='word_1_22' title='bbox 272 700 400 761; x_wconf 87' lang='lat' dir='ltr'><strong>quo</strong></span> <span class='ocrx_word' id='word_1_23' title='bbox 450 676 617 738; x_wconf 87' lang='lat' dir='ltr'><strong>facto</strong></span> <span class='ocrx_word' id='word_1_24' title='bbox 660 679 1012 759; x_wconf 80' lang='lat' dir='ltr'><strong>Imperator</strong></span> <span class='ocrx_word' id='word_1_25' title='bbox 1049 691 1292 736; x_wconf 86' lang='lat' dir='ltr'><strong>mature</strong></span> <span class='ocrx_word' id='word_1_26' title='bbox 1329 681 1824 750; x_wconf 80' lang='lat' dir='ltr'><strong>circumventus,</strong></span> <span class='ocrx_word' id='word_1_27' title='bbox 1890 675 1988 734; x_wconf 88' lang='lat' dir='ltr'><strong>fu-</strong></span> 
     </span>
     <span class='ocr_line' id='line_1_6' title="bbox 272 764 1984 849; baseline -0.001 -25"><span class='ocrx_word' id='word_1_28' title='bbox 272 790 347 849; x_wconf 85' lang='lat' dir='ltr'><strong>ga</strong></span> <span class='ocrx_word' id='word_1_29' title='bbox 386 768 583 826; x_wconf 81' lang='lat' dir='ltr'><strong>vitam</strong></span> <span class='ocrx_word' id='word_1_30' title='bbox 639 765 879 825; x_wconf 86' lang='lat' dir='ltr'><strong>salvare</strong></span> <span class='ocrx_word' id='word_1_31' title='bbox 918 764 1134 824; x_wconf 83' lang='lat' dir='ltr'><strong>volens</strong></span> <span class='ocrx_word' id='word_1_32' title='bbox 1161 811 1176 838; x_wconf 84' lang='grc'>,</span> <span class='ocrx_word' id='word_1_33' title='bbox 1249 765 1435 824; x_wconf 88' lang='lat' dir='ltr'><strong>obvia</strong></span> <span class='ocrx_word' id='word_1_34' title='bbox 1478 765 1703 848; x_wconf 88' lang='lat' dir='ltr'><strong>palude</strong></span> <span class='ocrx_word' id='word_1_35' title='bbox 1746 786 1984 825; x_wconf 85' lang='lat' dir='ltr'><strong>mersus</strong></span> 
     </span>
     <span class='ocr_line' id='line_1_7' title="bbox 273 852 1985 936; baseline -0.002 -22"><span class='ocrx_word' id='word_1_36' title='bbox 273 857 518 915; x_wconf 87' lang='lat' dir='ltr'><strong>interiit</strong></span> <span class='ocrx_word' id='word_1_37' title='bbox 557 874 722 914; x_wconf 88' lang='lat' dir='ltr'><strong>anno</strong></span> <span class='ocrx_word' id='word_1_38' title='bbox 774 854 1024 936; x_wconf 86' lang='lat' dir='ltr'><strong>imperii</strong></span> <span class='ocrx_word' id='word_1_39' title='bbox 1065 852 1349 913; x_wconf 89' lang='lat' dir='ltr'><strong>secundo.</strong></span> <span class='ocrx_word' id='word_1_40' title='bbox 1413 857 1536 928; x_wconf 87' lang='lat' dir='ltr'><strong>Qui</strong></span> <span class='ocrx_word' id='word_1_41' title='bbox 1582 855 1727 913; x_wconf 90' lang='lat' dir='ltr'><strong>licet</strong></span> <span class='ocrx_word' id='word_1_42' title='bbox 1768 855 1985 936; x_wconf 88' lang='lat' dir='ltr'><strong>optimi</strong></span> 
     </span>
     <span class='ocr_line' id='line_1_8' title="bbox 273 939 1988 1028; baseline -0.002 -26"><span class='ocrx_word' id='word_1_43' title='bbox 273 945 579 1028; x_wconf 88' lang='lat' dir='ltr'><strong>principis</strong></span> <span class='ocrx_word' id='word_1_44' title='bbox 616 943 929 1026; x_wconf 85' lang='lat' dir='ltr'><strong>specimen</strong></span> <span class='ocrx_word' id='word_1_45' title='bbox 971 939 1233 1002; x_wconf 88' lang='lat' dir='ltr'><strong>edidisse</strong></span> <span class='ocrx_word' id='word_1_46' title='bbox 1264 944 1431 1002; x_wconf 82' lang='lat' dir='ltr'><strong>visus</strong></span> <span class='ocrx_word' id='word_1_47' title='bbox 1465 947 1574 1018; x_wconf 75' lang='lat' dir='ltr'><strong>sit,</strong></span> <span class='ocrx_word' id='word_1_48' title='bbox 1605 942 1988 1002; x_wconf 89' lang='lat' dir='ltr'><strong>Christiano-</strong></span> 
     </span>
     <span class='ocr_line' id='line_1_9' title="bbox 273 1030 1986 1108; baseline -0.002 -16"><span class='ocrx_word' id='word_1_49' title='bbox 273 1055 417 1092; x_wconf 88' lang='lat' dir='ltr'><strong>rum</strong></span> <span class='ocrx_word' id='word_1_50' title='bbox 474 1048 718 1104; x_wconf 84' lang='lat' dir='ltr'><strong>tamen,</strong></span> <span class='ocrx_word' id='word_1_51' title='bbox 769 1051 847 1088; x_wconf 79' lang='lat' dir='ltr'><strong>ex</strong></span> <span class='ocrx_word' id='word_1_52' title='bbox 896 1030 1306 1090; x_wconf 87' lang='lat' dir='ltr'><strong>aemulatione</strong></span> <span class='ocrx_word' id='word_1_53' title='bbox 1347 1034 1628 1108; x_wconf 73' lang='lat' dir='ltr'><strong>Philippi</strong></span> <span class='ocrx_word' id='word_1_54' title='bbox 1679 1031 1755 1107; x_wconf 80' lang='lat' dir='ltr'><strong>b)</strong></span> <span class='ocrx_word' id='word_1_55' title='bbox 1811 1052 1986 1089; x_wconf 86' lang='lat' dir='ltr'><strong>acer-</strong></span> 
     </span>
     <span class='ocr_line' id='line_1_10' title="bbox 271 1119 1988 1202; baseline -0.003 -20"><span class='ocrx_word' id='word_1_56' title='bbox 271 1124 471 1182; x_wconf 87' lang='lat' dir='ltr'><strong>rimus</strong></span> <span class='ocrx_word' id='word_1_57' title='bbox 511 1119 742 1192; x_wconf 79' lang='lat' dir='ltr'><strong>hostis,</strong></span> <span class='ocrx_word' id='word_1_58' title='bbox 792 1120 1218 1199; x_wconf 86' lang='lat' dir='ltr'><strong>gravissimam</strong></span> <span class='ocrx_word' id='word_1_59' title='bbox 1260 1124 1605 1202; x_wconf 88' lang='lat' dir='ltr'><strong>commovit</strong></span> <span class='ocrx_word' id='word_1_60' title='bbox 1651 1120 1793 1181; x_wconf 87' lang='lat' dir='ltr'><strong>VII.</strong></span> <span class='ocrx_word' id='word_1_61' title='bbox 1838 1141 1988 1201; x_wconf 85' lang='lat' dir='ltr'><strong>per-</strong></span> 
     </span>
     <span class='ocr_line' id='line_1_11' title="bbox 270 1205 1992 1290; baseline -0.003 -20"><span class='ocrx_word' id='word_1_62' title='bbox 270 1212 653 1270; x_wconf 86' lang='lat' dir='ltr'><strong>secutionem</strong></span> <span class='ocrx_word' id='word_1_63' title='bbox 680 1252 695 1278; x_wconf 87' lang='lat'>‚</span> <span class='ocrx_word' id='word_1_64' title='bbox 760 1229 885 1289; x_wconf 89' lang='lat' dir='ltr'><strong>qua</strong></span> <span class='ocrx_word' id='word_1_65' title='bbox 928 1205 1189 1289; x_wconf 83' lang='lat' dir='ltr'><strong>plurimi</strong></span> <span class='ocrx_word' id='word_1_66' title='bbox 1230 1211 1430 1290; x_wconf 86' lang='lat' dir='ltr'><strong>patria</strong></span> <span class='ocrx_word' id='word_1_67' title='bbox 1472 1209 1726 1282; x_wconf 77' lang='lat' dir='ltr'><strong>relicta,</strong></span> <span class='ocrx_word' id='word_1_68' title='bbox 1773 1209 1992 1267; x_wconf 88' lang='lat' dir='ltr'><strong>solitu-</strong></span> 
     </span>
     <span class='ocr_line' id='line_1_12' title="bbox 273 1295 1987 1380; baseline -0.002 -23"><span class='ocrx_word' id='word_1_69' title='bbox 273 1297 450 1358; x_wconf 89' lang='lat' dir='ltr'><strong>dines</strong></span> <span class='ocrx_word' id='word_1_70' title='bbox 489 1298 836 1368; x_wconf 79' lang='lat' dir='ltr'><strong>montium,</strong></span> <span class='ocrx_word' id='word_1_71' title='bbox 884 1295 1281 1378; x_wconf 87' lang='lat' dir='ltr'><strong>desertasque</strong></span> <span class='ocrx_word' id='word_1_72' title='bbox 1318 1299 1604 1378; x_wconf 80' lang='lat' dir='ltr'><strong>regiones</strong></span> <span class='ocrx_word' id='word_1_73' title='bbox 1639 1300 1987 1380; x_wconf 86' lang='lat' dir='ltr'><strong>petierunt:</strong></span> 
     </span>
     <span class='ocr_line' id='line_1_13' title="bbox 275 1383 1989 1470; baseline -0.004 -23"><span class='ocrx_word' id='word_1_74' title='bbox 275 1409 354 1448; x_wconf 78' lang='lat' dir='ltr'><strong>ex</strong></span> <span class='ocrx_word' id='word_1_75' title='bbox 393 1387 623 1470; x_wconf 88' lang='lat' dir='ltr'><strong>quibus</strong></span> <span class='ocrx_word' id='word_1_76' title='bbox 658 1384 775 1443; x_wconf 88' lang='lat' dir='ltr'><strong>fuit</strong></span> <span class='ocrx_word' id='word_1_77' title='bbox 812 1383 1077 1446; x_wconf 86' lang='lat' dir='ltr'><strong>celebris</strong></span> <span class='ocrx_word' id='word_1_78' title='bbox 1126 1385 1228 1444; x_wconf 92' lang='lat' dir='ltr'><strong>ille</strong></span> <span class='ocrx_word' id='word_1_79' title='bbox 1278 1386 1517 1444; x_wconf 71' lang='lat' dir='ltr'><strong>Paulus</strong></span> <span class='ocrx_word' id='word_1_80' title='bbox 1559 1383 1989 1444; x_wconf 85' lang='lat' dir='ltr'><strong>Anachoreta-</strong></span> 
     </span>
     <span class='ocr_line' id='line_1_14' title="bbox 272 1474 1988 1557; baseline -0.001 -23"><span class='ocrx_word' id='word_1_81' title='bbox 272 1499 416 1534; x_wconf 89' lang='lat' dir='ltr'><strong>rum</strong></span> <span class='ocrx_word' id='word_1_82' title='bbox 461 1478 794 1555; x_wconf 88' lang='lat' dir='ltr'><strong>Princeps:</strong></span> <span class='ocrx_word' id='word_1_83' title='bbox 883 1474 959 1554; x_wconf 77' lang='lat' dir='ltr'><strong>c)</strong></span> <span class='ocrx_word' id='word_1_84' title='bbox 1009 1474 1191 1533; x_wconf 87' lang='lat' dir='ltr'><strong>multi</strong></span> <span class='ocrx_word' id='word_1_85' title='bbox 1251 1475 1418 1533; x_wconf 89' lang='lat' dir='ltr'><strong>enim</strong></span> <span class='ocrx_word' id='word_1_86' title='bbox 1456 1474 1531 1533; x_wconf 89' lang='lat' dir='ltr'><strong>ad</strong></span> <span class='ocrx_word' id='word_1_87' title='bbox 1577 1477 1841 1557; x_wconf 87' lang='lat' dir='ltr'><strong>speciem</strong></span> <span class='ocrx_word' id='word_1_88' title='bbox 1889 1495 1988 1532; x_wconf 89' lang='lat' dir='ltr'><strong>re-</strong></span> 
     </span>
     <span class='ocr_line' id='line_1_15' title="bbox 278 1561 1990 1646; baseline -0.002 -24"><span class='ocrx_word' id='word_1_89' title='bbox 278 1564 576 1646; x_wconf 87' lang='lat' dir='ltr'><strong>ligionem</strong></span> <span class='ocrx_word' id='word_1_90' title='bbox 615 1564 1041 1644; x_wconf 81' lang='lat' dir='ltr'><strong>abnegarunt,</strong></span> <span class='ocrx_word' id='word_1_91' title='bbox 1105 1561 1272 1621; x_wconf 88' lang='lat' dir='ltr'><strong>unde</strong></span> <span class='ocrx_word' id='word_1_92' title='bbox 1313 1562 1691 1637; x_wconf 77' lang='lat' dir='ltr'><strong>Sacrificati‚</strong></span> <span class='ocrx_word' id='word_1_93' title='bbox 1757 1561 1990 1620; x_wconf 88' lang='lat' dir='ltr'><strong>Thuri-</strong></span> 
     </span>
     <span class='ocr_line' id='line_1_16' title="bbox 275 1648 1991 1727; baseline -0.003 -16"><span class='ocrx_word' id='word_1_94' title='bbox 275 1653 478 1727; x_wconf 86' lang='lat' dir='ltr'><strong>ficati,</strong></span> <span class='ocrx_word' id='word_1_95' title='bbox 539 1652 642 1711; x_wconf 83' lang='lat' dir='ltr'><strong>vel</strong></span> <span class='ocrx_word' id='word_1_96' title='bbox 680 1650 1048 1711; x_wconf 87' lang='lat' dir='ltr'><strong>idololatrae</strong></span> <span class='ocrx_word' id='word_1_97' title='bbox 1079 1650 1452 1710; x_wconf 87' lang='lat' dir='ltr'><strong>dicebantur</strong></span> <span class='ocrx_word' id='word_1_98' title='bbox 1482 1697 1497 1727; x_wconf 86' lang='lat'>‚</span> <span class='ocrx_word' id='word_1_99' title='bbox 1555 1655 1646 1710; x_wconf 85' lang='lat' dir='ltr'><strong>uti</strong></span> <span class='ocrx_word' id='word_1_100' title='bbox 1685 1664 1746 1710; x_wconf 92' lang='lat' dir='ltr'><strong>et</strong></span> <span class='ocrx_word' id='word_1_101' title='bbox 1779 1648 1991 1709; x_wconf 37' lang='lat' dir='ltr'><strong>Libelm</strong></span> 
     </span>
     <span class='ocr_line' id='line_1_17' title="bbox 278 1739 1986 1821; baseline -0.002 -21"><span class='ocrx_word' id='word_1_102' title='bbox 278 1741 480 1800; x_wconf 89' lang='lat' dir='ltr'><strong>latici:</strong></span> <span class='ocrx_word' id='word_1_103' title='bbox 531 1739 671 1799; x_wconf 89' lang='lat' dir='ltr'><strong>ideo</strong></span> <span class='ocrx_word' id='word_1_104' title='bbox 722 1741 1125 1821; x_wconf 86' lang='lat' dir='ltr'><strong>gravissimae</strong></span> <span class='ocrx_word' id='word_1_105' title='bbox 1162 1752 1377 1799; x_wconf 89' lang='lat' dir='ltr'><strong>enatae</strong></span> <span class='ocrx_word' id='word_1_106' title='bbox 1424 1754 1568 1801; x_wconf 81' lang='lat' dir='ltr'><strong>sunt.</strong></span> <span class='ocrx_word' id='word_1_107' title='bbox 1616 1753 1986 1800; x_wconf 87' lang='lat' dir='ltr'><strong>controver-</strong></span> 
     </span>
     <span class='ocr_line' id='line_1_18' title="bbox 273 1826 1283 1911; baseline -0.004 -22"><span class='ocrx_word' id='word_1_108' title='bbox 273 1832 396 1890; x_wconf 83' lang='lat' dir='ltr'><strong>siae</strong></span> <span class='ocrx_word' id='word_1_109' title='bbox 428 1828 507 1889; x_wconf 90' lang='lat' dir='ltr'><strong>de</strong></span> <span class='ocrx_word' id='word_1_110' title='bbox 541 1827 722 1911; x_wconf 86' lang='lat' dir='ltr'><strong>lapsis</strong></span> <span class='ocrx_word' id='word_1_111' title='bbox 764 1826 1156 1911; x_wconf 86' lang='lat' dir='ltr'><strong>recipiendis.</strong></span> <span class='ocrx_word' id='word_1_112' title='bbox 1203 1827 1283 1907; x_wconf 78' lang='lat' dir='ltr'><strong>d)</strong></span> 
     </span>
    </p>

    <p class='ocr_par' dir='ltr' id='par_1_3' title="bbox 270 1915 1987 2612">
     <span class='ocr_line' id='line_1_19' title="bbox 461 1915 1987 1999; baseline -0.002 -23"><span class='ocrx_word' id='word_1_113' title='bbox 461 1919 555 1976; x_wconf 83' lang='lat'><strong>28.</strong></span> <span class='ocrx_word' id='word_1_114' title='bbox 626 1919 844 1974; x_wconf 73' lang='lat' dir='ltr'><strong>Gallus</strong></span> <span class='ocrx_word' id='word_1_115' title='bbox 889 1931 1028 1999; x_wconf 84' lang='lat' dir='ltr'><strong>post</strong></span> <span class='ocrx_word' id='word_1_116' title='bbox 1072 1919 1335 1976; x_wconf 70' lang='lat' dir='ltr'><strong>Decium</strong></span> <span class='ocrx_word' id='word_1_117' title='bbox 1377 1928 1613 1975; x_wconf 87' lang='lat' dir='ltr'><strong>creatus</strong></span> <span class='ocrx_word' id='word_1_118' title='bbox 1652 1927 1743 1976; x_wconf 86' lang='lat' dir='ltr'><strong>est</strong></span> <span class='ocrx_word' id='word_1_119' title='bbox 1789 1915 1987 1996; x_wconf 88' lang='lat' dir='ltr'><strong>impe-</strong></span> 
     </span>
     <span class='ocr_line' id='line_1_20' title="bbox 270 2003 1986 2087; baseline -0.006 -20"><span class='ocrx_word' id='word_1_120' title='bbox 270 2021 453 2067; x_wconf 87' lang='lat' dir='ltr'><strong>&#39;rator</strong></span> <span class='ocrx_word' id='word_1_121' title='bbox 492 2004 754 2064; x_wconf 85' lang='lat' dir='ltr'><strong>militari</strong></span> <span class='ocrx_word' id='word_1_122' title='bbox 805 2006 1144 2087; x_wconf 73' lang='lat' dir='ltr'><strong>suffragio,</strong></span> <span class='ocrx_word' id='word_1_123' title='bbox 1214 2008 1326 2087; x_wconf 90' lang='lat' dir='ltr'><strong>qui</strong></span> <span class='ocrx_word' id='word_1_124' title='bbox 1378 2003 1509 2065; x_wconf 89' lang='lat' dir='ltr'><strong>filio</strong></span> <span class='ocrx_word' id='word_1_125' title='bbox 1559 2027 1670 2064; x_wconf 86' lang='lat' dir='ltr'><strong>suo</strong></span> <span class='ocrx_word' id='word_1_126' title='bbox 1731 2004 1986 2061; x_wconf 69' lang='lat' dir='ltr'><strong>Volusi-</strong></span> 
     </span>
     <span class='ocr_line' id='line_1_21' title="bbox 276 2091 1984 2177; baseline -0.003 -24"><span class='ocrx_word' id='word_1_127' title='bbox 276 2118 396 2153; x_wconf 80' lang='lat' dir='ltr'><strong>ano</strong></span> <span class='ocrx_word' id='word_1_128' title='bbox 442 2096 700 2154; x_wconf 82' lang='lat' dir='ltr'><strong>Caesare</strong></span> <span class='ocrx_word' id='word_1_129' title='bbox 755 2095 1131 2170; x_wconf 80' lang='lat' dir='ltr'><strong>constituto3</strong></span> <span class='ocrx_word' id='word_1_130' title='bbox 1197 2116 1345 2154; x_wconf 78' lang='lat' dir='ltr'><strong>mox</strong></span> <span class='ocrx_word' id='word_1_131' title='bbox 1397 2116 1610 2177; x_wconf 85' lang='lat' dir='ltr'><strong>pacem</strong></span> <span class='ocrx_word' id='word_1_132' title='bbox 1659 2114 1798 2152; x_wconf 90' lang='lat' dir='ltr'><strong>cum</strong></span> <span class='ocrx_word' id='word_1_133' title='bbox 1851 2091 1984 2149; x_wconf 88' lang='lat' dir='ltr'><strong>Go-</strong></span> 
     </span>
     <span class='ocr_line' id='line_1_22' title="bbox 281 2179 1985 2265; baseline -0.004 -21"><span class='ocrx_word' id='word_1_134' title='bbox 281 2183 435 2258; x_wconf 82' lang='lat' dir='ltr'><strong>this,</strong></span> <span class='ocrx_word' id='word_1_135' title='bbox 506 2181 611 2242; x_wconf 89' lang='lat' dir='ltr'><strong>sed</strong></span> <span class='ocrx_word' id='word_1_136' title='bbox 671 2182 902 2265; x_wconf 89' lang='lat' dir='ltr'><strong>populo</strong></span> <span class='ocrx_word' id='word_1_137' title='bbox 948 2184 1232 2242; x_wconf 85' lang='lat' dir='ltr'><strong>Romano</strong></span> <span class='ocrx_word' id='word_1_138' title='bbox 1282 2185 1755 2264; x_wconf 81' lang='lat' dir='ltr'><strong>ignominiosam</strong></span> <span class='ocrx_word' id='word_1_139' title='bbox 1807 2179 1985 2239; x_wconf 83' lang='lat' dir='ltr'><strong>fecit:</strong></span> 
     </span>
     <span class='ocr_line' id='line_1_23' title="bbox 278 2269 1981 2354; baseline -0.004 -23"><span class='ocrx_word' id='word_1_140' title='bbox 278 2295 424 2331; x_wconf 87' lang='lat' dir='ltr'><strong>nam</strong></span> <span class='ocrx_word' id='word_1_141' title='bbox 460 2269 559 2329; x_wconf 89' lang='lat' dir='ltr'><strong>hic</strong></span> <span class='ocrx_word' id='word_1_142' title='bbox 590 2272 942 2351; x_wconf 81' lang='lat' dir='ltr'><strong>Imperator</strong></span> <span class='ocrx_word' id='word_1_143' title='bbox 986 2285 1075 2330; x_wconf 90' lang='lat' dir='ltr'><strong>est</strong></span> <span class='ocrx_word' id='word_1_144' title='bbox 1107 2274 1369 2354; x_wconf 63' lang='lat' dir='ltr'><strong>primm,</strong></span> <span class='ocrx_word' id='word_1_145' title='bbox 1415 2273 1527 2352; x_wconf 83' lang='lat' dir='ltr'><strong>qui</strong></span> <span class='ocrx_word' id='word_1_146' title='bbox 1561 2270 1981 2329; x_wconf 84' lang='lat' dir='ltr'><strong>Barbarorum</strong></span> 
     </span>
     <span class='ocr_line' id='line_1_24' title="bbox 277 2357 1984 2445; baseline -0.003 -26"><span class='ocrx_word' id='word_1_147' title='bbox 277 2358 717 2445; x_wconf 87' lang='lat' dir='ltr'><strong>stipendiarius</strong></span> <span class='ocrx_word' id='word_1_148' title='bbox 765 2361 997 2432; x_wconf 73' lang='lat' dir='ltr'><strong>evasit,</strong></span> <span class='ocrx_word' id='word_1_149' title='bbox 1061 2360 1132 2439; x_wconf 81' lang='lat' dir='ltr'><strong>e)</strong></span> <span class='ocrx_word' id='word_1_150' title='bbox 1192 2362 1563 2441; x_wconf 78' lang='lat' dir='ltr'><strong>promittens</strong></span> <span class='ocrx_word' id='word_1_151' title='bbox 1597 2361 1678 2418; x_wconf 81' lang='lat' dir='ltr'><strong>eis</strong></span> <span class='ocrx_word' id='word_1_152' title='bbox 1719 2357 1984 2416; x_wconf 86' lang='lat' dir='ltr'><strong>ducenta</strong></span> 
     </span>
     <span class='ocr_line' id='line_1_25' title="bbox 279 2444 1986 2529; baseline -0.004 -21"><span class='ocrx_word' id='word_1_153' title='bbox 279 2445 737 2508; x_wconf 87' lang='lat' dir='ltr'><strong>Drachmarum</strong></span> <span class='ocrx_word' id='word_1_154' title='bbox 777 2446 1008 2511; x_wconf 77' lang='lat' dir='ltr'><strong>millia;</strong></span> <span class='ocrx_word' id='word_1_155' title='bbox 1057 2471 1186 2529; x_wconf 89' lang='lat' dir='ltr'><strong>quo</strong></span> <span class='ocrx_word' id='word_1_156' title='bbox 1233 2447 1390 2505; x_wconf 88' lang='lat' dir='ltr'><strong>facto</strong></span> <span class='ocrx_word' id='word_1_157' title='bbox 1429 2446 1619 2506; x_wconf 87' lang='lat' dir='ltr'><strong>Gothi</strong></span> <span class='ocrx_word' id='word_1_158' title='bbox 1655 2448 1787 2505; x_wconf 88' lang='lat' dir='ltr'><strong>aliis</strong></span> <span class='ocrx_word' id='word_1_159' title='bbox 1820 2444 1986 2503; x_wconf 87' lang='lat' dir='ltr'><strong>mul-</strong></span> 
     </span>
     <span class='ocr_line' id='line_1_26' title="bbox 282 2533 1981 2612; baseline -0.003 -15"><span class='ocrx_word' id='word_1_160' title='bbox 282 2539 359 2597; x_wconf 89' lang='lat' dir='ltr'><strong>tis</strong></span> <span class='ocrx_word' id='word_1_161' title='bbox 397 2538 835 2596; x_wconf 85' lang='lat' dir='ltr'><strong>Romanorum</strong></span> <span class='ocrx_word' id='word_1_162' title='bbox 873 2533 1151 2598; x_wconf 88' lang='lat' dir='ltr'><strong>hostibus</strong></span> <span class='ocrx_word' id='word_1_163' title='bbox 1192 2535 1528 2596; x_wconf 85' lang='lat' dir='ltr'><strong>ferociores</strong></span> <span class='ocrx_word' id='word_1_164' title='bbox 1569 2536 1710 2596; x_wconf 86' lang='lat' dir='ltr'><strong>facti</strong></span> <span class='ocrx_word' id='word_1_165' title='bbox 1734 2582 1749 2612; x_wconf 84' lang='grc'>,</span> <span class='ocrx_word' id='word_1_166' title='bbox 1798 2537 1981 2593; x_wconf 87' lang='lat' dir='ltr'><strong>ctiam</strong></span> 
     </span>
    </p>

    <p class='ocr_par' dir='ltr' id='par_1_4' title="bbox 1771 2625 1895 2682">
     <span class='ocr_line' id='line_1_27' title="bbox 1771 2625 1895 2682; baseline -0.016 0"><span class='ocrx_word' id='word_1_167' title='bbox 1771 2625 1895 2682; x_wconf 87' lang='lat' dir='ltr'><strong>Ita—</strong></span> 
     </span>
    </p>
   </div>
   <div class='ocr_carea' id='block_1_3' title="bbox 283 2718 600 2733">
    <p class='ocr_par' dir='ltr' id='par_1_5' title="bbox 283 2718 600 2733">
     <span class='ocr_line' id='line_1_28' title="bbox 283 2718 600 2733; baseline 0 993"><span class='ocrx_word' id='word_1_168' title='bbox 283 2718 600 2733; x_wconf 95' lang='lat' dir='ltr'><strong> </strong></span> 
     </span>
    </p>
   </div>
   <div class='ocr_carea' id='block_1_4' title="bbox 351 2793 1982 3218">
    <p class='ocr_par' dir='ltr' id='par_1_6' title="bbox 351 2793 1982 3218">
     <span class='ocr_line' id='line_1_29' title="bbox 351 2793 1973 2871; baseline -0.004 -19"><span class='ocrx_word' id='word_1_169' title='bbox 351 2798 428 2871; x_wconf 81' lang='grc' dir='ltr'><strong>α)</strong></span> <span class='ocrx_word' id='word_1_170' title='bbox 465 2797 635 2849; x_wconf 85' lang='lat' dir='ltr'><strong>ldem.</strong></span> <span class='ocrx_word' id='word_1_171' title='bbox 687 2795 819 2848; x_wconf 89' lang='lat' dir='ltr'><strong>ibid.</strong></span> <span class='ocrx_word' id='word_1_172' title='bbox 873 2793 939 2860; x_wconf 84' lang='lat' dir='ltr'><strong>b)</strong></span> <span class='ocrx_word' id='word_1_173' title='bbox 994 2796 1191 2850; x_wconf 87' lang='lat' dir='ltr'><strong>Euseb.</strong></span> <span class='ocrx_word' id='word_1_174' title='bbox 1232 2797 1371 2849; x_wconf 81' lang='lat' dir='ltr'><strong>Hist.</strong></span> <span class='ocrx_word' id='word_1_175' title='bbox 1411 2798 1559 2851; x_wconf 79' lang='lat' dir='ltr'><strong>Eccl.</strong></span> <span class='ocrx_word' id='word_1_176' title='bbox 1599 2798 1658 2849; x_wconf 92' lang='lat' dir='ltr'><strong>L.</strong></span> <span class='ocrx_word' id='word_1_177' title='bbox 1699 2795 1752 2849; x_wconf 84' lang='lat'><strong>6.</strong></span> <span class='ocrx_word' id='word_1_178' title='bbox 1805 2814 1851 2845; x_wconf 90' lang='lat' dir='ltr'><strong>c.</strong></span> <span class='ocrx_word' id='word_1_179' title='bbox 1889 2793 1973 2845; x_wconf 77' lang='lat'><strong>32.</strong></span> 
     </span>
     <span class='ocr_line' id='line_1_30' title="bbox 422 2863 1977 2923; baseline -0.001 -5"><span class='ocrx_word' id='word_1_180' title='bbox 422 2869 671 2923; x_wconf 81' lang='lat' dir='ltr'><strong>Orosius.</strong></span> <span class='ocrx_word' id='word_1_181' title='bbox 724 2869 785 2919; x_wconf 95' lang='lat' dir='ltr'><strong>L.</strong></span> <span class='ocrx_word' id='word_1_182' title='bbox 820 2866 866 2918; x_wconf 88' lang='lat'><strong>7.</strong></span> <span class='ocrx_word' id='word_1_183' title='bbox 921 2886 967 2918; x_wconf 92' lang='lat' dir='ltr'><strong>c.</strong></span> <span class='ocrx_word' id='word_1_184' title='bbox 1007 2866 1092 2920; x_wconf 81' lang='lat'><strong>21.</strong></span> <span class='ocrx_word' id='word_1_185' title='bbox 1130 2868 1431 2920; x_wconf 81' lang='lat' dir='ltr'><strong>Baronius..</strong></span> <span class='ocrx_word' id='word_1_186' title='bbox 1472 2868 1546 2918; x_wconf 92' lang='lat' dir='ltr'><strong>ud</strong></span> <span class='ocrx_word' id='word_1_187' title='bbox 1585 2885 1672 2922; x_wconf 77' lang='lat' dir='ltr'><strong>an.</strong></span> <span class='ocrx_word' id='word_1_188' title='bbox 1720 2865 1817 2916; x_wconf 89' lang='lat' dir='ltr'><strong>Ch.</strong></span> <span class='ocrx_word' id='word_1_189' title='bbox 1855 2863 1977 2916; x_wconf 72' lang='lat'><strong>254.</strong></span> 
     </span>
     <span class='ocr_line' id='line_1_31' title="bbox 422 2936 1982 3005; baseline -0.004 -14"><span class='ocrx_word' id='word_1_190' title='bbox 422 2958 477 2991; x_wconf 92' lang='lat' dir='ltr'><strong>n.</strong></span> <span class='ocrx_word' id='word_1_191' title='bbox 509 2936 561 2990; x_wconf 84' lang='lat'><strong>4.</strong></span> <span class='ocrx_word' id='word_1_192' title='bbox 619 2942 680 3003; x_wconf 83' lang='lat' dir='ltr'><strong>c)</strong></span> <span class='ocrx_word' id='word_1_193' title='bbox 720 2938 888 3001; x_wconf 79' lang='lat' dir='ltr'><strong>Cujus</strong></span> <span class='ocrx_word' id='word_1_194' title='bbox 933 2956 1019 2989; x_wconf 88' lang='lat' dir='ltr'><strong>res</strong></span> <span class='ocrx_word' id='word_1_195' title='bbox 1057 2937 1245 2989; x_wconf 81' lang='lat' dir='ltr'><strong>refert.</strong></span> <span class='ocrx_word' id='word_1_196' title='bbox 1290 2939 1344 2990; x_wconf 89' lang='lat' dir='ltr'><strong>S.</strong></span> <span class='ocrx_word' id='word_1_197' title='bbox 1392 2938 1712 3005; x_wconf 80' lang='lat' dir='ltr'><strong>Hieronym.</strong></span> <span class='ocrx_word' id='word_1_198' title='bbox 1748 2953 1833 3004; x_wconf 87' lang='lat' dir='ltr'><strong>ap.</strong></span> <span class='ocrx_word' id='word_1_199' title='bbox 1878 2937 1982 2985; x_wconf 83' lang='lat' dir='ltr'><strong>Ba-</strong></span> 
     </span>
     <span class='ocr_line' id='line_1_32' title="bbox 424 3006 1974 3068; baseline -0.004 -7"><span class='ocrx_word' id='word_1_200' title='bbox 424 3009 660 3061; x_wconf 81' lang='lat' dir='ltr'><strong>ronium.</strong></span> <span class='ocrx_word' id='word_1_201' title='bbox 703 3008 769 3058; x_wconf 80' lang='lat' dir='ltr'><strong>ad</strong></span> <span class='ocrx_word' id='word_1_202' title='bbox 807 3027 891 3060; x_wconf 82' lang='lat' dir='ltr'><strong>an.</strong></span> <span class='ocrx_word' id='word_1_203' title='bbox 930 3009 1027 3060; x_wconf 88' lang='lat' dir='ltr'><strong>Ch.</strong></span> <span class='ocrx_word' id='word_1_204' title='bbox 1067 3007 1186 3060; x_wconf 73' lang='lat'><strong>253.</strong></span> <span class='ocrx_word' id='word_1_205' title='bbox 1221 3027 1272 3059; x_wconf 91' lang='lat' dir='ltr'><strong>n.</strong></span> <span class='ocrx_word' id='word_1_206' title='bbox 1312 3006 1395 3062; x_wconf 75' lang='lat'><strong>16.</strong></span> <span class='ocrx_word' id='word_1_207' title='bbox 1437 3006 1500 3068; x_wconf 82' lang='lat' dir='ltr'><strong>d)</strong></span> <span class='ocrx_word' id='word_1_208' title='bbox 1546 3008 1712 3057; x_wconf 86' lang='lat' dir='ltr'><strong>Idem·</strong></span> <span class='ocrx_word' id='word_1_209' title='bbox 1755 3006 1883 3058; x_wconf 86' lang='lat' dir='ltr'><strong>ibid.</strong></span> <span class='ocrx_word' id='word_1_210' title='bbox 1916 3024 1974 3061; x_wconf 78' lang='lat' dir='ltr'><strong>n.</strong></span> 
     </span>
     <span class='ocr_line' id='line_1_33' title="bbox 425 3076 1977 3149; baseline -0.001 -18"><span class='ocrx_word' id='word_1_211' title='bbox 425 3080 473 3131; x_wconf 82' lang='lat'><strong>5.</strong></span> <span class='ocrx_word' id='word_1_212' title='bbox 511 3079 749 3129; x_wconf 84' lang='lat' dir='ltr'><strong>Uberius</strong></span> <span class='ocrx_word' id='word_1_213' title='bbox 798 3097 865 3129; x_wconf 76' lang='lat' dir='ltr'><strong>ex</strong></span> <span class='ocrx_word' id='word_1_214' title='bbox 911 3079 1168 3149; x_wconf 85' lang='lat' dir='ltr'><strong>operibus</strong></span> <span class='ocrx_word' id='word_1_215' title='bbox 1219 3078 1273 3128; x_wconf 87' lang='lat' dir='ltr'><strong>S.</strong></span> <span class='ocrx_word' id='word_1_216' title='bbox 1329 3077 1605 3146; x_wconf 80' lang='lat' dir='ltr'><strong>Cypriani.</strong></span> <span class='ocrx_word' id='word_1_217' title='bbox 1661 3079 1725 3137; x_wconf 78' lang='lat' dir='ltr'><strong>e)</strong></span> <span class='ocrx_word' id='word_1_218' title='bbox 1769 3076 1977 3130; x_wconf 85' lang='lat' dir='ltr'><strong>Zosim.</strong></span> 
     </span>
     <span class='ocr_line' id='line_1_34' title="bbox 424 3145 1748 3218; baseline -0.002 -18"><span class='ocrx_word' id='word_1_219' title='bbox 424 3150 485 3200; x_wconf 88' lang='lat' dir='ltr'><strong>L.</strong></span> <span class='ocrx_word' id='word_1_220' title='bbox 522 3148 573 3204; x_wconf 81' lang='lat'><strong>4.</strong></span> <span class='ocrx_word' id='word_1_221' title='bbox 614 3168 657 3200; x_wconf 89' lang='lat' dir='ltr'><strong>c.</strong></span> <span class='ocrx_word' id='word_1_222' title='bbox 695 3146 778 3199; x_wconf 75' lang='lat'><strong>24.</strong></span> <span class='ocrx_word' id='word_1_223' title='bbox 818 3165 931 3218; x_wconf 75' lang='lat' dir='ltr'><strong>seq.</strong></span> <span class='ocrx_word' id='word_1_224' title='bbox 980 3149 1183 3203; x_wconf 80' lang='lat' dir='ltr'><strong>Victor.</strong></span> <span class='ocrx_word' id='word_1_225' title='bbox 1222 3147 1288 3197; x_wconf 86' lang='lat' dir='ltr'><strong>de</strong></span> <span class='ocrx_word' id='word_1_226' title='bbox 1323 3148 1532 3202; x_wconf 82' lang='lat' dir='ltr'><strong>Caesar.</strong></span> <span class='ocrx_word' id='word_1_227' title='bbox 1574 3168 1620 3203; x_wconf 79' lang='lat' dir='ltr'><strong>e.</strong></span> <span class='ocrx_word' id='word_1_228' title='bbox 1659 3145 1748 3204; x_wconf 81' lang='lat'><strong>30.</strong></span> 
     </span>
    </p>
   </div>
  </div>
 </body>
</html>
