2097 3726
435 260 467 300 2
853 230 1459 288 H'istoria

343 436 413 476 ac
449 430 625 471 mare
662 419 724 468 et
755 405 1075 478 Tiberim,
1115 417 1433 486 tamquam
1466 400 1826 464 abscondita
1870 409 2045 488 regio

340 505 542 564 lateat.
590 494 797 557 Hodie
832 497 1018 554 Diuo
1054 495 1417 570 Pontificia‚
1463 514 1571 550 seu
1629 496 2047 554 Territorium

341 595 726 660 Romanum,
798 583 900 644 vel
960 584 1328 660 Campagna
1380 582 1444 639 cli
1504 583 1708 639 Roma
1762 595 2045 643 vocatur.

342 681 552 740 Limes
607 698 642 733 a
687 673 1146 757 Septemtrione
1196 684 1288 729 est
1329 664 1701 752 Apenninus
1727 692 1940 747 mom,
1987 685 2050 732 et

341 769 510 830 Anio
543 762 801 823 fluvius:
838 759 916 819 ad
954 772 1165 821 ortum
1201 758 1398 818 Liris:
1441 755 1519 815 ad
1544 757 1876 820 Meridiem
1916 782 2048 818 ma..

346 880 417 919 re
451 849 889 936 Tyrrhenum:
937 846 1013 906 ad
1053 867 1342 907 occasum
1363 844 1662 905 TiberriS.
1712 848 1911 907 Primi
1951 850 2047 905 in-

347 944 602 1006 coluere
643 938 858 1011 Siculi,
886 950 951 997 et
994 933 1413 1017 Aborigines,
1460 934 1539 1014 a)
1586 933 1731 995 dein
1771 937 2044 1017 Pelasgi,

350 1029 629 1094 Arcades
653 1075 671 1106 ‚
715 1024 960 1101 Volsci,
1007 1024 1304 1083 Ausones
1354 1034 1467 1084 ete.
1503 1021 1670 1084 Alias
1707 1038 1914 1087 autem
1952 1026 2043 1082 vi-

345 1125 516 1183 cinas
550 1120 837 1202 regiones
874 1112 1278 1172 incoluerunt
1314 1112 1534 1186 Tusci,
1579 1112 1830 1189 Sabini,
1877 1114 2049 1174 Mar-

343 1214 438 1284 si,
504 1206 808 1268 Samnites
834 1247 852 1278 ‚
916 1201 1309 1284 Praegu-tiani
1353 1214 1417 1261 et
1456 1200 1769 1284 Campani.
1891 1202 2049 1260 Um-

348 1301 617 1361 brorum
653 1306 859 1353 tamen
905 1291 1071 1350 Gens
1111 1290 1539 1372 antiquissima
1579 1290 1796 1350 Italiae
1837 1290 2049 1350 existi·

346 1401 573 1454 matur,
619 1384 701 1465 b)
747 1381 950 1463 Regio
983 1375 1134 1439 haec
1163 1399 1400 1462 aspera,
1432 1391 1495 1438 et
1537 1399 1747 1439 saxosa
1772 1424 1788 1454 ,
1834 1375 2051 1437 habuit

347 1491 412 1538 et
448 1472 739 1561 paludes,
787 1491 866 1530 ex
917 1467 1149 1551 quibus
1197 1474 1405 1527 {ierem
1436 1466 1735 1527 vitiosum
1761 1513 1778 1542 ,
1812 1479 1873 1528 et
1907 1488 2050 1547 gra-

347 1586 510 1626 vem.
595 1559 699 1621 Ad
721 1555 1048 1619 meridiem
1085 1569 1219 1617 erat
1247 1556 1463 1615 civitas
1537 1559 1753 1631 Ostia,
1799 1553 1877 1615 ad
1913 1556 2049 1615 Ma-

348 1677 418 1715 re
457 1672 613 1713 vero
638 1650 827 1709 situm
856 1644 976 1704 fuit
1011 1647 1412 1720 Neptunium,
1445 1641 1617 1728 cujus
1657 1645 1821 1704 cives
1862 1665 2049 1702 aucu-

349 1744 475 1827 pio,
512 1752 575 1801 et
597 1734 919 1823 piscationi
960 1733 1278 1792 vacabant.
1325 1736 1580 1792 Astura
1615 1745 1708 1794 est
1736 1754 2047 1793 memora—

350 1831 495 1890 bilis
533 1827 610 1888 de
642 1822 1064 1906 indignissima
1107 1824 1197 1880 M.
1255 1823 1440 1881 Tullii
1484 1824 1795 1879 Ciceronis
1843 1819 2045 1881 caede.

363 1918 756 1978 Tarracinae
815 1932 964 1993 ager
995 1923 1109 1993 <est
1155 1908 1662 1970 foecundissimus
1685 1954 1699 1983 ‚
1779 1908 2010 1968 vitibus
2032 1952 2048 1981 ‚

348 2005 679 2067 Aul-antiis
704 2046 722 2076 ,
752 2001 940 2060 Citris
960 2042 976 2073 ‚
1023 1997 1286 2080 aliisque
1319 1996 1685 2057 Arboribus
1707 1995 2047 2056 abundans,

355 2097 585 2171 Ca'jeta
621 2090 794 2152 Urbs
832 2108 1040 2148 arcem
1096 2083 1284 2147 habet
1331 2087 1810 2146 invictissimam.
1879 2089 2051 2145 Veli-

346 2195 461 2242 tra
511 2181 890 2246 Volscorum
949 2177 1441 2236 vetustissimum
1495 2172 1817 2258 oppidum,
1879 2174 2050 2233 Alba

351 2276 580 2351 Longa
610 2267 693 2328 ab
731 2267 1003 2325 Ascanio
1038 2264 1291 2323 Aeneae
1325 2261 1486 2337 filio,
1547 2263 1865 2345 trigesimo
1907 2275 2051 2346 post

355 2357 754 2421 aedificatum
796 2355 1133 2416 Lavinium
1200 2353 1392 2411 Anno
1438 2349 1722 2425 condita,
1790 2348 1896 2410 sed
1934 2349 2050 2408 ho-

354 2449 457 2510 die
493 2444 777 2508 desolata.
831 2445 1050 2501 Tivola
1089 2439 1501 2500 saluberrimo
1543 2438 1681 2500 loco
1721 2439 1853 2498 sita.
1899 2440 2050 2497 Ma-

354 2538 605 2598 ruvium
641 2531 794 2593 olim
828 2531 1184 2590 Marsorum
1221 2540 1426 2612 caput,
1488 2530 1829 2586 Praeneste
1863 2524 2048 2587 hodie

354 2625 711 2684 Pilasm'na
732 2615 906 2702 cujus
933 2619 1082 2678 situs
1116 2617 1238 2678 fuit
1268 2618 1729 2677 amoenissimus
1747 2639 1764 2693 3
1811 2626 1873 2676 et
1905 2613 2047 2675 ideo

356 2713 619 2773 floren-te
655 2731 726 2771 re
764 2710 1082 2780 Romana,
1128 2706 1547 2787 Imperatores
1588 2702 1709 2763 huc
1747 2702 2046 2786 frequen-

355 2813 453 2862 ter
510 2799 699 2859 animi
764 2797 978 2856 Gratia
1027 2795 1267 2855 venisse
1323 2791 1634 2876 leguntur.
1715 2795 2047 2852 Tusculum

1809 2879 1963 2941 olim

423 3060 504 3133 a)
541 3060 742 3116 Justin.
779 3056 839 3109 L.
881 3055 966 3108 43.
1003 3074 1043 3107 c.
1092 3052 1137 3107 1.
1177 3049 1246 3126 b)
1281 3053 1545 3108 Herodot-
1591 3052 1654 3107 L.
1691 3051 1738 3107 1.
1780 3070 1825 3106 e.
1863 3050 1948 3107 94.
1987 3059 2049 3115 ets

495 3131 554 3185 L.
588 3128 639 3189 4.
673 3149 718 3184 c.
756 3126 844 3183 49.
879 3127 1014 3180 Pnn.
1048 3127 1111 3182 L.
1146 3123 1196 3183 3,
1237 3145 1280 3177 c.
1321 3124 1401 3178 14.
