2097 3726
370 203 483 267 124
826 202 1431 261 Historia

272 393 406 437 tum
462 374 690 457 gaudio
736 390 841 433 aut
896 399 1182 439 moerore
1247 381 1547 456 mutavit3
1613 381 1762 441 item
1826 401 1970 440 cum

269 469 523 524 Aurelio
582 467 750 522 Vero
806 486 1004 548 usque
1040 466 1114 525 ad
1174 466 1302 550 ejus
1361 471 1685 528 interitum
1720 469 1966 553 aequali

269 553 444 637 jure,
512 574 753 613 summa
794 566 996 615 tamen
1053 556 1393 618 concordia
1434 559 1810 640 imperavit,
1888 558 1977 638 a)

273 641 442 701 unde
506 654 644 726 post
699 657 969 702 mortem
1043 648 1203 702 Divi
1253 649 1512 721 ‘fi-atres
1576 645 1974 706 dicebantur.

272 730 721 791 Communibus
785 731 1068 790 Consiliis
1122 733 1357 794 bellum
1414 732 1807 806 Parthicum}
1882 732 1977 793 fe-

273 820 478 880 liciter
528 833 881 902 gesserunt3
955 824 1162 880 Verus
1211 823 1409 883 relato
1458 823 1546 883 de'
1580 821 1822 883 Parthis
1864 824 1980 881 tri-

269 906 504 992 umpho
526 955 541 983 ,
570 908 778 967 subito
817 921 1103 968 mortuus
1131 925 1222 970 est
1256 935 1419 972 anno
1458 915 1843 994 principatus
1875 913 1975 971 11.

269 997 458 1081 Cujus
501 997 639 1056 loco
692 998 821 1078 ipse
869 999 1134 1056 Marcus
1177 998 1414 1059 bellum
1462 1021 1604 1059 cum
1648 999 1979 1074 VandaliS,

270 1088 602 1160 Sarmatis,
672 1084 891 1144 Svevis
918 1131 932 1159 ,
994 1085 1259 1169 aliisque.
1295 1087 1584 1148 barbaris
1627 1088 1985 1148 nationibus

273 1174 641 1262 perdomitis
664 1172 929 1233 feliciter
958 1173 1262 1253 confecit3
1309 1192 1502 1261 prout
1535 1191 1596 1238 et
1625 1200 1770 1237 cum
1808 1179 1985 1237 Mar-

273 1266 593 1324 comannis
653 1264 730 1343 b)
779 1275 840 1323 et
893 1261 1169 1339 Quadis,
1249 1287 1377 1348 quo
1432 1267 1498 1324 in
1552 1265 1719 1326 bello
1783 1287 1985 1348 quum

273 1355 597 1414 Romanus
627 1353 940 1413 exercitus
975 1353 1074 1410 siti
1114 1367 1544 1437 premeretur,
1595 1367 1656 1414 et
1693 1355 1873 1436 plane
1906 1351 1984 1411 ad

274 1442 775 1524 desperationem
832 1440 1226 1524 adigeretur,
1290 1443 1583 1526 Legionis
1646 1443 1981 1503 Melitenae

273 1532 501 1590 milites
541 1528 877 1589 Christiani
928 1529 988 1587 id
1043 1529 1370 1611 praecibus
1410 1555 1445 1589 a
1499 1531 1634 1591 Deo
1689 1532 1984 1612 impetra-

277 1633 431 1678 runt
459 1666 473 1693 ,
538 1633 609 1676 ut
644 1618 905 1677 fulmine
955 1616 1233 1679 hostibus
1277 1621 1622 1692 concussiS,
1685 1633 1747 1680 et
1781 1619 1984 1677 imbre

278 1708 356 1767 de
401 1707 577 1767 coelo
632 1707 823 1765 effuso
884 1708 1196 1766 exercitus
1245 1706 1648 1782 reficeretur,
1721 1730 1798 1768 ex
1857 1729 1986 1790 quo

278 1818 455 1868 casn,
506 1797 767 1877 Legioni
811 1796 900 1869 ei,
932 1798 1399 1870 ficlminatricis
1438 1818 1662 1855 nomen
1709 1797 1990 1878 Impera-

278 1901 380 1943 tor
405 1884 592 1944 dedit.
644 1882 938 1942 Posthaec
972 1886 1324 1967 Imperator
1362 1884 1559 1942 filium
1590 1906 1772 1943 suum
1813 1887 1988 1942 Com-

281 1978 525 2032 modum
562 1972 858 2053 collegam
894 1994 1304 2047 assummenS,
1340 1971 1807 2055 expeditionem
1841 1973 1992 2051 Scy-

285 2061 515 2121 thicam
553 2084 678 2120 non
714 2063 1105 2144 improspere
1137 2063 1440 2145 suscepit,
1489 2060 1597 2118 ubi
1627 2084 1661 2117 a
1691 2058 1985 2132 Medicis,

286 2151 398 2210 filii
447 2150 614 2232 jussu
656 2153 921 2212 Veneno
964 2150 1239 2210 sublatus
1286 2163 1410 2224 est,
1458 2147 1537 2225 c)
1586 2171 1750 2208 anno
1791 2152 1992 2230 impe-

284 2243 365 2300 rii
411 2242 506 2302 19.
549 2240 762 2299 aetatis
807 2240 906 2298 58.
956 2251 1017 2299 et
1056 2237 1163 2297 Ch.
1215 2241 1355 2298 181.
1392 2239 1689 2320 Princeps
1725 2237 1991 2296 eruditi-

286 2332 421 2389 onis
455 2342 515 2387 et
549 2328 826 2387 omnium
861 2328 1166 2386 virtutum
1210 2325 1389 2397 laude
1431 2325 1989 2398 celebratissimuS,

286 2420 400 2501 qui
442 2437 688 2499 semper
725 2414 875 2473 illud
918 2418 1198 2474 Platonis
1237 2416 1301 2473 in
1348 2436 1460 2474 ore
1496 2412 1753 2473 habuit:
1818 2417 1991 2472 Bea-

291 2519 423 2563 tam
464 2526 592 2562 esse
630 2526 769 2562 eam
804 2506 1304 2580 Rempablicam,
1352 2504 1456 2560 abi
1493 2505 1851 2579 Philosophi
1874 2506 1992 2560 im-

276 2607 518 2671 perant
543 2639 558 2669 ,
607 2605 668 2650 et
713 2596 918 2671 Reges
942 2594 1492 2672 philosophantur.

1802 2682 1900 2738 17.

362 2785 434 2857 a)
473 2784 664 2836 Julius.
714 2784 1009 2853 Capitolin.
1046 2794 1223 2835 totam
1269 2785 1442 2836 vitam
1488 2782 1664 2835 Marci
1703 2780 1839 2836 Aur.
1891 2779 1990 2830 de-

431 2856 670 2923 scripsit.
714 2854 935 2924 Xiphil.
974 2873 1043 2905 ex
1093 2855 1283 2906 Dione.
1330 2856 1395 2906 L.
1434 2851 1515 2905 74.
1556 2855 1785 2920 Eutrop.
1829 2853 1891 2903 L.
1938 2848 1990 2902 8.

433 2924 498 2988 b)
541 2925 758 2996 Xiphil.
783 2927 845 2978 L.
884 2923 968 2979 71.
1006 2925 1302 2993 Capitolio.
1336 2924 1393 2974 in
1424 2925 1629 2975 Marco.
1663 2940 1708 2971 c.
1744 2919 1990 2972 14.-.‘24.

436 3005 490 3046 et
533 2998 591 3048 in
633 2996 807 3046 Vero.
856 3014 905 3049 c.
953 2994 1003 3045 9.
1060 2993 1139 3046 10.
1197 2994 1391 3047 Euseb.
1444 2991 1585 3043 Hist.
1642 2990 1784 3042 Eccl.
1837 2992 1905 3045 L.
1937 2990 1987 3042 5.

439 3085 481 3116 c.
523 3068 572 3118 5.
614 3063 680 3136 c)
722 3063 933 3133 Xiphil.
957 3080 1025 3115 ex
1053 3065 1247 3123 Dione.
1284 3064 1349 3118 L.
1377 3059 1457 3114 71.
1497 3060 1784 3130 Capitolin.
1818 3057 1988 3114 L.27.

436 3137 670 3207 Eutrop.
708 3135 769 3186 L.
806 3133 859 3186 8.
