2097 3726
579 181 861 239 Romano
906 178 1280 239 Germanici.
1539 178 1576 239 5
1587 201 1616 258 7
1629 178 1664 239 -5

47 335 116 382 tu
172 321 801 408 Constantinopoleos
856 322 1025 383 muri
1074 320 1547 407 dejiciebantur,
1615 322 1759 400 875.

44 410 316 475 locustae
364 412 593 472 Gallias
635 410 1051 495 depopulatae
1098 426 1260 474 sunt.
1326 414 1474 476 874.
1522 416 1594 473 In
1637 411 1763 472 Ita-

53 501 134 561 lia
168 504 467 585 sangvine
503 501 580 561 de
615 499 792 560 coelo
834 499 1013 583 pluit.

230 594 307 653 V.
388 593 651 649 Carolus
717 591 946 648 Calvus
1003 601 1180 672 patre
1232 591 1551 649 Luclovico
1610 591 1764 666 Pio,

47 691 252 740 matre
288 680 555 738 Jecclitlza
594 689 775 737 natus
799 723 816 753 ‚
863 699 943 740 ex
983 679 1188 761 prima
1220 700 1423 740 uxore
1459 681 1768 738 Hermin-

51 773 238 827 trude
271 779 545 850 quatuor
583 768 855 851 suscepit
907 766 1104 842 filios,
1164 769 1553 827 Luclovicam
1607 770 1770 826 Bal-

51 857 232 929 bum,
295 858 684 915 Lotlzarium
730 871 980 917 mature
1031 869 1397 932 mortuum,
1466 859 1766 916 Caro'lam

45 945 365 1028 inopinate
402 947 674 1006 occisum
697 989 714 1020 ,
751 956 812 1006 et
844 948 1374 1006 Carolomcmnum
1393 945 1478 1006 oh
1512 945 1767 1006 affecta-

47 1035 96 1094 ti
150 1036 400 1116 imperii
461 1037 705 1095 crimen
751 1033 946 1095 oculis
1008 1036 1363 1118 privatum3
1435 1056 1514 1096 ex
1572 1033 1768 1095 altera

45 1144 250 1184 uxore
306 1127 599 1183 Bia-hilde
656 1122 806 1184 duas
864 1123 1072 1207 proles
1123 1137 1368 1184 mature
1429 1122 1768 1184 defunctas,

47 1213 398 1295 Imperium
454 1215 723 1272 Carolus
783 1215 1013 1272 Calvus
1067 1214 1152 1273 sic
1208 1212 1519 1290 obtinuit,
1598 1234 1771 1272 mors

45 1322 276 1386 nempe
304 1305 615 1362 Ludovici
648 1301 728 1362 II.
755 1323 903 1362 mox
951 1304 1250 1361 Carolum
1281 1304 1540 1363 Calvam
1575 1303 1623 1360 F
1626 1326 1658 1361 1
1661 1325 1771 1360 an-

42 1390 211 1464 ciae,
281 1404 344 1453 et
381 1393 769 1451 Ludovicam
810 1391 1186 1452 Germaniae
1223 1413 1402 1474 leges
1444 1389 1522 1450 ad
1564 1393 1768 1489 impe-

47 1480 129 1537 rii
169 1494 488 1541 certamen
533 1477 856 1554 accendit,
903 1478 1009 1540 sed
1046 1482 1371 1541 contentio
1415 1502 1565 1541 mox
1620 1478 1765 1562 jure

44 1569 341 1629 comitim
347 1592 451 1629 um
493 1570 695 1653 sopita
736 1580 861 1640 est,
924 1567 1034 1627 ubi
1089 1571 1316 1628 Carolo
1366 1571 1555 1629 Calvo
1595 1590 1774 1629 com-

43 1658 223 1715 muni
294 1678 598 1718 consensu
654 1657 994 1741 imperium
1063 1655 1345 1717 delatum
1413 1673 1586 1730 erat,
1683 1657 1771 1735 a)

42 1759 264 1829 agente
315 1746 624 1830 imprimis
670 1743 974 1806 Pontifice
1029 1748 1271 1805 Joamze
1333 1748 1526 1806 VIII.
1579 1768 1772 1831 quem

42 1834 226 1895 multi
286 1837 437 1895 satis
497 1837 793 1920 imperite
859 1833 1194 1897 mulierem
1267 1834 1454 1897 fuisse
1514 1835 1773 1910 dicunt,

47 1922 444 2007 probabilius
484 1923 568 1984 ob
615 1923 994 1985 muliebrem
1034 1923 1256 1986 faeiem
1284 1970 1300 1999 ,
1345 1940 1453 1986 aut
1493 1927 1772 1988 effaemi-

47 2026 265 2073 natum
312 2015 631 2096 vigorem3
694 2027 976 2074 ceterum
1036 2011 1140 2073 hic
1190 2013 1486 2077 Pontifex
1532 2016 1774 2098 magnis

46 2099 228 2162 donis
261 2117 398 2163 erat
431 2103 512 2162 ab
553 2105 941 2186 Imperatore
975 2102 1277 2165 excultus,
1318 2106 1587 2165 Interim
1626 2108 1768 2165 Lu-

45 2193 298 2251 dovicas
334 2192 708 2253 Germaniae
757 2213 873 2254 rex
931 2207 1342 2278 praereptum
1391 2194 1514 2254 sihi
1572 2198 1774 2279 impe·

49 2281 218 2338 rium
247 2301 433 2362 aegre
468 2280 708 2355 ferenS,
753 2302 905 2342 mox
934 2281 1203 2343 Galliam
1238 2284 1429 2343 armis
1463 2284 1768 2345 invadens

48 2387 118 2427 61
127 2365 395 2429 udelite1
452 2367 834 2445 devastavit,
911 2369 1082 2430 unde
1140 2372 1439 2454 precibus
1497 2386 1770 2433 statuum

48 2471 413 2540 permotus,
481 2455 633 2517 dum
662 2455 923 2518 domum
961 2456 1202 2520 rediret
1253 2462 1534 2523 moritur
1551 2509 1571 2537 ,
1634 2475 1766 2522 ter-

53 2566 156 2605 ras
197 2567 335 2606 suas
373 2544 517 2606 filiis
564 2549 1052 2622 Carolomamw,
1121 2543 1482 2624 Ladovioe,
1529 2563 1593 2612 et
1649 2552 1771 2608 Ca-

53 2639 188 2694 rolo
231 2637 315 2694 C]
318 2658 461 2694 asso
492 2635 893 2720 relinquens,
928 2633 1011 2716 b)
1044 2657 1206 2720 quos
1239 2640 1592 2723 Imperator
1646 2640 1768 2696 Ca-

1576 2751 1679 2787 ΓΟ-

119 2844 198 2920 a)
239 2845 486 2899 Aimoin.
521 2845 584 2899 L.
626 2846 675 2900 5.
715 2866 764 2899 c.
804 2845 893 2906 32.
948 2846 1021 2915 b)
1075 2850 1190 2902 Hac
1240 2849 1511 2905 divisione
1556 2853 1767 2932 accepit

194 2917 628 2970 carolomannus
677 2919 999 2985 Bavariam,
1056 2922 1372 2986 Austriam‚
1421 2923 1766 2979 Bohemiam.

190 2987 1275 3061 LudoviousSaxoniam.Thu1ingiam‚
1304 2992 1569 3063 Belgium.
1606 2995 1767 3048 Clas-

191 3077 283 3111 sus
327 3077 459 3114 vero
510 3061 801 3188 Sveviamg
855 3032 1154 3116 Alsatiam.
1205 3035 1648 3134 Lotharingiam
1702 3079 1766 3122 ut

192 3128 820 3189 1NJefe1tAimoin.L.5.
857 3151 905 3188 e.
936 3128 1024 3190 34.
1053 3142 1108 3189 et
1141 3138 1284 3191 Ann.
1315 3135 1564 3191 Fuldem.
