2097 3726
517 195 799 250 Romano
845 192 1217 248 Germanici.
1495 189 1530 248 5
1541 214 1569 271 7
1585 191 1619 248 5

3 395 130 434 non
176 383 503 432 contentus
558 368 912 427 Lothan'as
954 367 1411 450 primogenitus
1436 411 1454 439 ,
1503 367 1714 425 omnia

4 484 196 544 regna
236 462 353 520 sibi
395 455 716 517 vindicare
773 455 1024 531 volem,
1088 469 1422 517 cruentum
1480 453 1745 514 bellum‘

15 555 181 610 inter
219 548 441 607 fratres
500 547 876 617 concitavit,
939 567 1069 627 quo
1113 547 1299 605 etiam
1336 556 1471 603 tota
1517 543 1565 600 F
1569 566 1714 601 ran-

5 647 227 698 corum
293 637 568 720 potentia
634 632 979 696 concidisse
1050 634 1321 694 videtur.
1432 631 1712 692 Tandem

12 741 152 813 post
189 729 360 784 varia
397 727 739 783 certamina
776 737 1159 783 conventum
1198 737 1318 783 est:
1369 736 1441 781 ut
1474 723 1721 779 Lotlza-

10 821 145 877 rius
185 836 330 872 cum
379 815 789 897 Imperatoria
841 811 1142 894 dignitate
1196 812 1438 871 Italiam
1479 825 1540 870 et
1590 811 1721 869 Lo-

12 904 385 984 tharingiam
429 903 509 961 ab
554 901 686 987 ejus
728 904 988 961 nomine
1035 904 1120 959 sic
1168 901 1432 960 dictam:
1496 902 1724 958 Ludo-

9 997 185 1052 vicus
234 992 670 1066 Germaniam,
722 991 889 1052 unde
920 993 1327 1048 Germanicas
1372 989 1608 1062 dictus,
1661 999 1725 1046 et

23 1083 285 1141 Carolus
335 1082 603 1139 Crassus
643 1080 908 1140 Galliam
952 1094 1216 1160 regeret.
1268 1079 1354 1158 a)

192 1170 302 1239 111.
352 1172 705 1228 Lotham'as
763 1172 815 1229 I.
871 1171 1177 1228 chdovici
1226 1169 1315 1250 pii
1369 1179 1446 1228 ex
1495 1167 1730 1223 Irtm'n-

9 1263 214 1338 garde
258 1256 455 1333 filius,
519 1280 785 1318 uxorem
846 1256 1065 1318 habuit
1129 1261 1424 1336 Ilugonis
1471 1255 1731 1314 Comitis

18 1348 210 1409 filiam
246 1349 750 1427 Irmingarclem,
797 1370 873 1406 ex
915 1366 1039 1431 qua
1079 1348 1350 1431 suscepit
1385 1360 1509 1405 tres
1551 1342 1732 1416 filios,

16 1439 409 1498 Ladovicam
460 1459 912 1510 successorem,
978 1438 1365 1495 Lotlmriam
1415 1447 1479 1494 et
1533 1433 1732 1489 Caro-

16 1532 161 1586 lam.
240 1525 537 1587 Ceterum
578 1540 647 1585 ut
688 1524 958 1585 vidimus
996 1524 1306 1585 distractis
1349 1537 1413 1583 et
1455 1541 1731 1604 occupa-

20 1617 100 1674 tis
146 1613 314 1672 bello
366 1615 538 1675 civili
586 1612 923 1687 fratribUS,
985 1628 1240 1674 exterae
1285 1625 1498 1694 gentes
1541 1631 1733 1692 opor-

17 1705 286 1762 tunitate
328 1725 468 1763 usae
494 1749 510 1778 ,
581 1726 660 1764 ex
703 1704 875 1762 omni
917 1717 1096 1784 parte
1133 1722 1354 1784 graves
1397 1721 1525 1760 esse
1581 1718 1732 1757 coe-

19 1804 280 1874 perunt:
370 1794 457 1850 sic
492 1794 557 1850 in
597 1792 867 1851 Saxonia
908 1791 1132 1851 servile
1175 1790 1408 1851 bellum
1450 1801 1586 1847 erat
1623 1809 1733 1848 ex·-

20 1882 296 1940 citatum.
344 1881 645 1941 Normani
693 1879 926 1939 Galliae
967 1880 1180 1940 littora
1225 1892 1407 1939 erant
1447 1876 1736 1959 depopu-

17 1968 141 2030 lati.
193 1968 486 2044 Bohemi,
539 1968 767 2029 Sorabi
809 1983 871 2029 et
916 1969 1351 2029 Marcomanni
1390 1964 1732 2024 tumultua-

19 2058 263 2126 bantur.
355 2059 576 2120 Verbo
650 2058 1047 2142 Principatus
1117 2059 1418 2117 Lotlzarii
1496 2054 1736 2136 magnis

19 2147 301 2207 cladibus
339 2149 593 2232 insignis
615 2147 749 2208 fuit.
792 2148 1082 2207 Saraceni
1122 2150 1291 2208 enim
1331 2143 1547 2204 Italiae
1581 2142 1737 2202 fines

23 2234 421 2320 depopulati,
499 2236 838 2321 Apuliam,
903 2235 1264 2312 Anconam,
1336 2231 1691 2293 Calabriam
1718 2276 1735 2303 ‚

23 2326 426 2407 Campaniam
451 2371 468 2400 ,
515 2339 577 2385 et
622 2325 769 2383 alias
809 2324 999 2384 urbes
1039 2327 1104 2383 in
1153 2348 1325 2385 suam
1363 2332 1730 2407 potestatem

26 2411 425 2494 redegerunt,
472 2412 752 2473 Tandem
797 2415 1048 2496 imperii
1083 2435 1133 2472 a.
1189 2416 1284 2474 15.
1330 2432 1599 2494 regnum
1637 2430 1737 2467 su·-

29 2524 138 2560 um
185 2500 327 2560 filiis
367 2499 848 2584 gubernandum
893 2500 1289 2585 relinquens,
1357 2499 1737 2559 conscientia

29 2590 386 2650 stimulante
419 2590 503 2650 ob
549 2587 1062 2675 ingratitudinem
1105 2592 1169 2648 in
1219 2603 1463 2674 patrem
1520 2589 1733 2646 Lado-

29 2683 235 2738 vicum
279 2682 466 2738 Pium
523 2682 952 2753 commissam,
1012 2693 1253 2737 attonsa
1302 2699 1517 2749 coma,
1580 2677 1735 2734 Coe-

31 2771 293 2830 nobium
334 2769 699 2829 Prumiense
734 2765 900 2851 apud
938 2768 1237 2827 Treviros
1275 2768 1611 2846 ingressus,
1658 2761 1736 2840 b)

1589 2867 1654 2913 et

105 3030 183 3104 a)
221 3030 546 3084 Nithardus.
585 3031 648 3083 L.
684 3030 735 3084 3.
784 3029 982 3083 Annal.
1021 3026 1177 3082 Fuld.
1216 3023 1482 3096 Sigehert.
1527 3026 1742 3080 Gembl.

177 3100 252 3175 b)
291 3103 521 3173 Regino.
556 3104 700 3156 Ann.
733 3100 893 3156 fuld.
933 3100 1140 3164 Chron,
1187 3097 1433 3156 Funecii.
1482 3095 1582 3149 sol.
1627 3096 1752 3155 402.
