2097 3726
528 232 1314 286 Romanorum.
1564 249 1681 309 ¹79

78 401 461 484 Imaginibus
519 405 583 463 B.
628 402 910 484 Virginis
945 412 1008 461 et
1056 399 1456 474 Sanctorum,
1534 399 1612 462 de
1658 424 1770 462 vo-

77 503 142 550 to
206 491 587 564 CoelihatuS,
667 489 984 549 Sacrificio
1058 487 1312 560 Missae,
1397 490 1771 572 Purgatorio

81 593 194 639 etc.
222 624 236 651 ,
284 593 563 637 mortuus
612 579 726 637 sub
772 578 1081 652 Arcadi03
1130 577 1349 634 Jolmn.
1403 579 1772 654 Clzrysosto-

76 690 213 725 mus
251 668 503 725 Patrum
541 664 1007 725 facundissimus
1032 708 1047 738 ,
1096 660 1285 722 Archi
1320 664 1428 746 Ep.
1469 667 1769 726 Constan-

77 754 556 836 tinopolitanus,
603 751 853 813 tandem
897 753 977 812 ab
1024 754 1298 810 Arcadio
1337 754 1400 809 in
1448 757 1772 836 regionem

81 844 400 901 Ponticam
432 863 525 898 an.
556 843 698 900 405.
739 844 802 898 in
830 840 1086 901 exilium
1117 842 1331 899 missus
1354 885 1370 914 ,
1408 839 1583 923 cujus
1616 845 1769 903 scri-

74 942 177 1012 pta
218 931 479 1010 genuina
518 941 578 988 et
620 928 843 1003 dubia,
890 950 1018 988 non
1062 941 1152 989 est
1199 925 1380 1011 hujus
1417 930 1726 1015 compedii
1753 976 1772 1006 ,

74 1017 164 1094 a)
248 1030 318 1074 ut
398 1015 792 1076 referantur:
900 1020 1238 1076 Macarius
1268 1061 1283 1086 ,
1368 1019 1775 1093 Eplirccemus

73 1105 382 1164 Diaconus
404 1150 418 1178 ,
466 1107 942 1181 Amphilochius
977 1107 1094 1181 Ep.
1132 1108 1451 1181 Didymus
1493 1128 1527 1162 a
1561 1109 1773 1189 pueri-

71 1195 153 1250 tia
201 1213 431 1251 coecus.
481 1198 778 1252 Asterius
813 1195 921 1277 Ep.
975 1208 1037 1253 et
1081 1196 1535 1269 Apollinarius.
1575 1231 1661 1240 —-
1695 1195 1770 1254 In

71 1279 389 1339 occidente
435 1281 643 1341 Latini
681 1283 1056 1365 praeceteris
1102 1282 1470 1341 claruerunt
1521 1293 1774 1364 praeter

68 1371 514 1441 Lactantium,
583 1373 883 1430 IIilarius
940 1371 1342 1442 Pictaviensis
1406 1370 1515 1452 Ep.
1568 1369 1776 1451 flagel-

67 1455 198 1515 lum
230 1459 611 1517 Arianorum
638 1504 652 1532 ,
686 1461 949 1542 scripsit.
991 1476 1011 1515 1
1032 1460 1085 1517 3.
1127 1456 1353 1516 Libros
1385 1455 1462 1517 de
1495 1459 1768 1517 Trinita-

67 1557 162 1621 te,
205 1567 283 1604 ex
324 1545 511 1605 exilio
538 1561 896 1621 revocatus,
929 1543 1044 1605 sub
1088 1548 1537 1602 Valentiniano
1566 1547 1771 1605 senio-

71 1655 141 1692 re
194 1647 477 1693 mortuus
527 1657 622 1693 an.
676 1633 817 1712 567.
885 1637 1162 1709 Optatus
1209 1631 1609 1692 Milevitanus
1658 1633 1771 1716 Ep.

71 1721 533 1780 Danatistarum
563 1720 969 1782 adversarius.
1021 1723 1079 1779 S.
1119 1721 1489 1779 Ambrosius
1526 1719 1775 1781 Medio-

74 1808 336 1869 lanensis
376 1811 486 1892 Ep.
533 1833 567 1868 a
615 1811 797 1869 Civili
838 1807 1238 1870 Praefectura
1280 1807 1356 1868 ad
1397 1807 1775 1869 Ecclesiasti-

67 1896 197 1956 cam
250 1897 611 1972 translatuS,
658 1900 867 1959 animo
907 1918 1163 1980 magnus
1191 1943 1206 1971 ,
1254 1894 1527 1958 dictione
1568 1895 1773 1958 melli-

67 1984 301 2061 fluuus,
365 2001 647 2046 mortuus
690 2009 783 2046 an.
848 1989 989 2070 597.
1047 1988 1436 2045 Philastrius
1478 1987 1774 2047 Brixien-

64 2075 144 2133 sis
181 2075 290 2157 Ep.
329 2074 614 2157 Scriptor
647 2073 723 2136 de
775 2074 1170 2136 Haeresibus.
1242 2076 1546 2133 Paulinus
1579 2073 1775 2135 Nolae

66 2163 177 2244 Ep.
211 2160 384 2245 cujus
424 2163 732 2246 Epistolae
773 2177 834 2224 et
866 2165 1158 2224 Poemata
1199 2174 1457 2222 exstant.
1512 2165 1570 2221 S.
1611 2165 1773 2221 Hie-

68 2270 364 2324 ronymus
405 2250 848 2312 Stridoniensis
878 2252 1245 2333 Presbyter,
1286 2248 1644 2312 eruditione
1676 2272 1769 2311 se-

67 2336 303 2408 culari,
369 2351 431 2398 et
464 2339 821 2400 Literarum
864 2340 1321 2400 Hebraicarum
1357 2340 1589 2422 peritia
1640 2337 1769 2398 cla-

70 2447 175 2484 rus
195 2470 210 2498 ,
250 2427 486 2506 primus
511 2428 673 2485 inter
701 2429 911 2487 Patres
937 2429 1012 2506 (si
1057 2431 1386 2505 origenem
1410 2426 1766 2509 exceperis)

69 2512 342 2593 lingvam
380 2512 752 2572 Hebraicam
784 2514 1092 2588 excoluit,
1154 2536 1224 2573 ac
1261 2513 1601 2575 secundum
1645 2515 1768 2574 Coi

69 2599 269 2660 dicem
305 2600 696 2674 Hebraeum,
732 2600 1009 2679 ‘latinam
1043 2602 1222 2662 nobis
1261 2605 1510 2665 Veteris
1555 2605 1768 2662 Testa-

75 2690 284 2748 menti
318 2687 487 2748 dedit
521 2691 873 2750 versionem
897 2736 912 2763 ,
974 2712 1136 2771 quae
1178 2695 1440 2769 vulgata
1494 2688 1765 2749 dicitur:

72 2776 325 2837 demum
360 2790 641 2838 mortuus
674 2800 769 2837 an.
803 2779 945 2837 420.
988 2781 1047 2836 S.
1085 2777 1481 2855 Augustinus
1515 2779 1761 2860 Hippo-

68 2867 297 2927 nenstis
330 2868 393 2924 in
433 2866 649 2927 Africa
687 2867 796 2948 Ep.
833 2887 1005 2925 sacra
1038 2865 1424 2941 eruditione,
1491 2860 1758 2926 docendi

837 2977 899 3013 m
925 2961 959 3016 2
1576 2954 1638 3011 vi
1659 2995 1676 3026 ,

145 3126 218 3190 a)
258 3126 467 3179 Natalis
504 3124 768 3179 Alexand.
811 3126 882 3184 T.
914 3126 960 3180 7.
999 3144 1055 3198 p.
1091 3125 1216 3182 647.
