<?xml version="1.0" encoding="UTF-8"?>
<!DOCTYPE html PUBLIC "-//W3C//DTD XHTML 1.0 Transitional//EN"
    "http://www.w3.org/TR/xhtml1/DTD/xhtml1-transitional.dtd">
<html xmlns="http://www.w3.org/1999/xhtml" xml:lang="en" lang="en">
 <head>
  <title>
</title>
<meta http-equiv="Content-Type" content="text/html;charset=utf-8" />
  <meta name='ocr-system' content='tesseract 3.04.00' />
  <meta name='ocr-capabilities' content='ocr_page ocr_carea ocr_par ocr_line ocrx_word'/>
</head>
<body>
  <div class='ocr_page' id='page_1' title='image "./historiauniversa02nagy_0207.png"; bbox 0 0 2097 3726; ppageno 0'>
   <div class='ocr_carea' id='block_1_1' title="bbox 544 180 1702 241">
    <p class='ocr_par' dir='ltr' id='par_1_1' title="bbox 544 180 1702 241">
     <span class='ocr_line' id='line_1_1' title="bbox 544 180 1702 241; baseline 0.011 -13"><span class='ocrx_word' id='word_1_1' title='bbox 544 180 605 234; x_wconf 83' lang='lat' dir='ltr'><em>R</em></span> <span class='ocrx_word' id='word_1_2' title='bbox 649 198 684 231; x_wconf 85' lang='lat' dir='ltr'>o</span> <span class='ocrx_word' id='word_1_3' title='bbox 729 196 789 232; x_wconf 89' lang='lat' dir='ltr'>m</span> <span class='ocrx_word' id='word_1_4' title='bbox 836 197 875 231; x_wconf 79' lang='lat' dir='ltr'><em>a</em></span> <span class='ocrx_word' id='word_1_5' title='bbox 921 197 962 233; x_wconf 83' lang='lat' dir='ltr'><strong><em>n</em></strong></span> <span class='ocrx_word' id='word_1_6' title='bbox 1008 196 1042 231; x_wconf 85' lang='lat'><em>0</em></span> <span class='ocrx_word' id='word_1_7' title='bbox 1089 199 1124 233; x_wconf 80' lang='lat' dir='ltr'>r</span> <span class='ocrx_word' id='word_1_8' title='bbox 1169 198 1209 234; x_wconf 86' lang='lat' dir='ltr'>u</span> <span class='ocrx_word' id='word_1_9' title='bbox 1254 201 1329 239; x_wconf 83' lang='lat' dir='ltr'>m.</span> <span class='ocrx_word' id='word_1_10' title='bbox 1587 185 1702 241; x_wconf 83' lang='grc'>187</span> 
     </span>
    </p>
   </div>
   <div class='ocr_carea' id='block_1_2' title="bbox 88 348 1799 2724">
    <p class='ocr_par' dir='ltr' id='par_1_2' title="bbox 88 348 1799 2724">
     <span class='ocr_line' id='line_1_2' title="bbox 103 348 1791 436; baseline 0.001 -22"><span class='ocrx_word' id='word_1_11' title='bbox 103 351 489 436; x_wconf 80' lang='lat' dir='ltr'>personalem</span> <span class='ocrx_word' id='word_1_12' title='bbox 523 348 784 409; x_wconf 87' lang='lat' dir='ltr'>duarum</span> <span class='ocrx_word' id='word_1_13' title='bbox 819 352 1199 411; x_wconf 83' lang='lat' dir='ltr'>Naturarnm</span> <span class='ocrx_word' id='word_1_14' title='bbox 1234 355 1290 412; x_wconf 91' lang='lat' dir='ltr'>in</span> <span class='ocrx_word' id='word_1_15' title='bbox 1328 354 1602 430; x_wconf 74' lang='lat' dir='ltr'>Clu-iste,</span> <span class='ocrx_word' id='word_1_16' title='bbox 1643 358 1791 415; x_wconf 89' lang='lat' dir='ltr'>item</span> 
     </span>
     <span class='ocr_line' id='line_1_3' title="bbox 103 440 1789 517; baseline 0.001 -17"><span class='ocrx_word' id='word_1_17' title='bbox 103 441 314 500; x_wconf 89' lang='lat' dir='ltr'>docuit</span> <span class='ocrx_word' id='word_1_18' title='bbox 370 442 650 498; x_wconf 72' lang='lat' dir='ltr'>filarium</span> <span class='ocrx_word' id='word_1_19' title='bbox 700 460 828 497; x_wconf 89' lang='lat' dir='ltr'>esse</span> <span class='ocrx_word' id='word_1_20' title='bbox 894 440 1401 517; x_wconf 68' lang='lat' dir='ltr'>Christipurum,</span> <span class='ocrx_word' id='word_1_21' title='bbox 1466 465 1588 502; x_wconf 91' lang='lat' dir='ltr'>non</span> <span class='ocrx_word' id='word_1_22' title='bbox 1639 465 1789 503; x_wconf 86' lang='lat' dir='ltr'>vero</span> 
     </span>
     <span class='ocr_line' id='line_1_4' title="bbox 102 524 1793 606; baseline 0.001 -19"><span class='ocrx_word' id='word_1_23' title='bbox 102 532 491 605; x_wconf 75' lang='lat' dir='ltr'>Deipczrum:</span> <span class='ocrx_word' id='word_1_24' title='bbox 543 526 629 604; x_wconf 83' lang='lat' dir='ltr'>a)</span> <span class='ocrx_word' id='word_1_25' title='bbox 675 524 848 606; x_wconf 84' lang='lat' dir='ltr'>cujus</span> <span class='ocrx_word' id='word_1_26' title='bbox 890 547 1135 586; x_wconf 85' lang='lat' dir='ltr'>errores</span> <span class='ocrx_word' id='word_1_27' title='bbox 1184 529 1452 591; x_wconf 79' lang='lat' dir='ltr'>damnati</span> <span class='ocrx_word' id='word_1_28' title='bbox 1513 544 1654 589; x_wconf 87' lang='lat' dir='ltr'>sunt</span> <span class='ocrx_word' id='word_1_29' title='bbox 1698 554 1793 589; x_wconf 88' lang='lat' dir='ltr'>an.</span> 
     </span>
     <span class='ocr_line' id='line_1_5' title="bbox 106 612 1796 701; baseline 0.001 -24"><span class='ocrx_word' id='word_1_30' title='bbox 106 619 247 677; x_wconf 79' lang='grc'><strong>451.</strong></span> <span class='ocrx_word' id='word_1_31' title='bbox 288 640 321 674; x_wconf 88' lang='lat' dir='ltr'>a</span> <span class='ocrx_word' id='word_1_32' title='bbox 359 612 646 675; x_wconf 85' lang='lat' dir='ltr'>Patribus</span> <span class='ocrx_word' id='word_1_33' title='bbox 690 615 754 670; x_wconf 90' lang='lat' dir='ltr'>in</span> <span class='ocrx_word' id='word_1_34' title='bbox 791 613 1070 673; x_wconf 83' lang='lat' dir='ltr'>Concilio</span> <span class='ocrx_word' id='word_1_35' title='bbox 1113 616 1457 698; x_wconf 83' lang='lat' dir='ltr'>Ephesino,</span> <span class='ocrx_word' id='word_1_36' title='bbox 1507 623 1634 701; x_wconf 86' lang='lat' dir='ltr'>ipse</span> <span class='ocrx_word' id='word_1_37' title='bbox 1687 640 1796 678; x_wconf 72' lang='lat' dir='ltr'>ve-</span> 
     </span>
     <span class='ocr_line' id='line_1_6' title="bbox 104 702 1792 789; baseline 0.001 -26"><span class='ocrx_word' id='word_1_38' title='bbox 104 727 178 763; x_wconf 85' lang='lat' dir='ltr'>ro</span> <span class='ocrx_word' id='word_1_39' title='bbox 220 727 253 761; x_wconf 92' lang='lat' dir='ltr'>a</span> <span class='ocrx_word' id='word_1_40' title='bbox 319 704 650 762; x_wconf 74' lang='lat' dir='ltr'>leeoclosio</span> <span class='ocrx_word' id='word_1_41' title='bbox 697 702 770 758; x_wconf 90' lang='lat' dir='ltr'>II.</span> <span class='ocrx_word' id='word_1_42' title='bbox 830 703 890 759; x_wconf 89' lang='lat' dir='ltr'>in</span> <span class='ocrx_word' id='word_1_43' title='bbox 947 702 1305 786; x_wconf 77' lang='lat' dir='ltr'>Aegyptum</span> <span class='ocrx_word' id='word_1_44' title='bbox 1354 707 1654 789; x_wconf 79' lang='lat' dir='ltr'>relegatus</span> <span class='ocrx_word' id='word_1_45' title='bbox 1709 706 1792 783; x_wconf 81' lang='lat' dir='ltr'>b)</span> 
     </span>
     <span class='ocr_line' id='line_1_7' title="bbox 101 789 1794 874; baseline 0.001 -24"><span class='ocrx_word' id='word_1_46' title='bbox 101 795 322 851; x_wconf 78' lang='lat' dir='ltr'><strong>misere</strong></span> <span class='ocrx_word' id='word_1_47' title='bbox 370 792 574 873; x_wconf 85' lang='lat' dir='ltr'>periit.</span> <span class='ocrx_word' id='word_1_48' title='bbox 623 789 732 847; x_wconf 87' lang='grc' dir='ltr'><strong>ΙΙΙ.</strong></span> <span class='ocrx_word' id='word_1_49' title='bbox 776 790 992 872; x_wconf 81' lang='lat' dir='ltr'>Longe</span> <span class='ocrx_word' id='word_1_50' title='bbox 1042 791 1306 874; x_wconf 81' lang='lat' dir='ltr'>majores</span> <span class='ocrx_word' id='word_1_51' title='bbox 1359 797 1567 854; x_wconf 77' lang='lat' dir='ltr'>turbas</span> <span class='ocrx_word' id='word_1_52' title='bbox 1624 794 1794 854; x_wconf 82' lang='lat' dir='ltr'>dedit</span> 
     </span>
     <span class='ocr_line' id='line_1_8' title="bbox 100 876 1791 960; baseline 0.002 -22"><span class='ocrx_word' id='word_1_53' title='bbox 100 880 386 938; x_wconf 82' lang='lat' dir='ltr'>Haeresis</span> <span class='ocrx_word' id='word_1_54' title='bbox 423 879 871 954; x_wconf 73' lang='lat' dir='ltr'>Eutychiana,</span> <span class='ocrx_word' id='word_1_55' title='bbox 917 876 1089 960; x_wconf 86' lang='lat' dir='ltr'>cujus</span> <span class='ocrx_word' id='word_1_56' title='bbox 1127 897 1346 941; x_wconf 81' lang='lat' dir='ltr'>auctor</span> <span class='ocrx_word' id='word_1_57' title='bbox 1390 882 1504 942; x_wconf 85' lang='lat' dir='ltr'>fuit</span> <span class='ocrx_word' id='word_1_58' title='bbox 1548 907 1639 941; x_wconf 79' lang='lat' dir='ltr'>an.</span> <span class='ocrx_word' id='word_1_59' title='bbox 1684 881 1791 942; x_wconf 85' lang='lat' dir='ltr'>Ch.</span> 
     </span>
     <span class='ocr_line' id='line_1_9' title="bbox 106 963 1794 1052; baseline 0.002 -26"><span class='ocrx_word' id='word_1_60' title='bbox 106 969 248 1026; x_wconf 78' lang='lat'>448.</span> <span class='ocrx_word' id='word_1_61' title='bbox 310 969 632 1042; x_wconf 69' lang='lat' dir='ltr'>Eutyches</span> <span class='ocrx_word' id='word_1_62' title='bbox 702 963 1208 1027; x_wconf 85' lang='lat' dir='ltr'>Archimandrita</span> <span class='ocrx_word' id='word_1_63' title='bbox 1273 972 1794 1052; x_wconf 80' lang='lat' dir='ltr'>Constantinopo-</span> 
     </span>
     <span class='ocr_line' id='line_1_10' title="bbox 95 1053 1790 1137; baseline 0.003 -25"><span class='ocrx_word' id='word_1_64' title='bbox 95 1053 352 1128; x_wconf 82' lang='lat' dir='ltr'>litanus,</span> <span class='ocrx_word' id='word_1_65' title='bbox 401 1057 509 1136; x_wconf 90' lang='lat' dir='ltr'>qui</span> <span class='ocrx_word' id='word_1_66' title='bbox 544 1076 748 1137; x_wconf 83' lang='lat' dir='ltr'>nuper</span> <span class='ocrx_word' id='word_1_67' title='bbox 777 1069 993 1113; x_wconf 89' lang='lat' dir='ltr'>contra</span> <span class='ocrx_word' id='word_1_68' title='bbox 1019 1060 1380 1117; x_wconf 73' lang='lat' dir='ltr'>Nestorium</span> <span class='ocrx_word' id='word_1_69' title='bbox 1415 1062 1476 1119; x_wconf 89' lang='lat' dir='ltr'>in</span> <span class='ocrx_word' id='word_1_70' title='bbox 1509 1059 1790 1118; x_wconf 85' lang='lat' dir='ltr'>Concilio</span> 
     </span>
     <span class='ocr_line' id='line_1_11' title="bbox 93 1141 1795 1226; baseline 0.002 -25"><span class='ocrx_word' id='word_1_71' title='bbox 93 1142 362 1203; x_wconf 84' lang='lat' dir='ltr'>mascule</span> <span class='ocrx_word' id='word_1_72' title='bbox 432 1141 889 1226; x_wconf 83' lang='lat' dir='ltr'>disputaverat,</span> <span class='ocrx_word' id='word_1_73' title='bbox 989 1167 1156 1204; x_wconf 87' lang='lat' dir='ltr'>nunc</span> <span class='ocrx_word' id='word_1_74' title='bbox 1232 1169 1386 1208; x_wconf 62' lang='lat' dir='ltr'>vest-o</span> <span class='ocrx_word' id='word_1_75' title='bbox 1456 1147 1664 1207; x_wconf 89' lang='lat' dir='ltr'>docuit</span> <span class='ocrx_word' id='word_1_76' title='bbox 1730 1150 1795 1205; x_wconf 81' lang='lat' dir='ltr'>in</span> 
     </span>
     <span class='ocr_line' id='line_1_12' title="bbox 100 1233 1798 1295; baseline 0.004 -8"><span class='ocrx_word' id='word_1_77' title='bbox 100 1233 351 1288; x_wconf 73' lang='lat' dir='ltr'>Christo</span> <span class='ocrx_word' id='word_1_78' title='bbox 404 1253 526 1289; x_wconf 81' lang='lat' dir='ltr'>non</span> <span class='ocrx_word' id='word_1_79' title='bbox 563 1235 687 1291; x_wconf 72' lang='lat' dir='ltr'>nisi</span> <span class='ocrx_word' id='word_1_80' title='bbox 737 1253 929 1291; x_wconf 69' lang='lat' dir='ltr'>ullum</span> <span class='ocrx_word' id='word_1_81' title='bbox 987 1237 1222 1294; x_wconf 72' lang='lat' dir='ltr'>scilicet</span> <span class='ocrx_word' id='word_1_82' title='bbox 1272 1239 1552 1293; x_wconf 73' lang='lat' dir='ltr'>(livinum</span> <span class='ocrx_word' id='word_1_83' title='bbox 1605 1247 1798 1295; x_wconf 80' lang='lat' dir='ltr'>nutu-</span> 
     </span>
     <span class='ocr_line' id='line_1_13' title="bbox 92 1317 1791 1402; baseline 0.004 -26"><span class='ocrx_word' id='word_1_84' title='bbox 92 1341 235 1377; x_wconf 83' lang='lat' dir='ltr'>rum</span> <span class='ocrx_word' id='word_1_85' title='bbox 281 1342 452 1377; x_wconf 79' lang='lat' dir='ltr'>esse:</span> <span class='ocrx_word' id='word_1_86' title='bbox 539 1322 651 1402; x_wconf 84' lang='lat' dir='ltr'>qui</span> <span class='ocrx_word' id='word_1_87' title='bbox 718 1317 794 1380; x_wconf 85' lang='lat' dir='ltr'>de</span> <span class='ocrx_word' id='word_1_88' title='bbox 853 1341 1069 1381; x_wconf 82' lang='lat' dir='ltr'>errore</span> <span class='ocrx_word' id='word_1_89' title='bbox 1122 1321 1351 1382; x_wconf 86' lang='lat' dir='ltr'>frustra</span> <span class='ocrx_word' id='word_1_90' title='bbox 1407 1323 1791 1398; x_wconf 85' lang='lat' dir='ltr'>admonitus,</span> 
     </span>
     <span class='ocr_line' id='line_1_14' title="bbox 93 1406 1795 1473; baseline 0.002 -8"><span class='ocrx_word' id='word_1_91' title='bbox 93 1406 341 1469; x_wconf 87' lang='lat' dir='ltr'>tandem</span> <span class='ocrx_word' id='word_1_92' title='bbox 391 1431 440 1473; x_wconf 82' lang='lat' dir='ltr'>a,</span> <span class='ocrx_word' id='word_1_93' title='bbox 500 1410 640 1467; x_wconf 83' lang='lat'>451.</span> <span class='ocrx_word' id='word_1_94' title='bbox 699 1409 761 1464; x_wconf 90' lang='lat' dir='ltr'>in</span> <span class='ocrx_word' id='word_1_95' title='bbox 817 1408 1093 1468; x_wconf 82' lang='lat' dir='ltr'>Concilio</span> <span class='ocrx_word' id='word_1_96' title='bbox 1152 1409 1633 1471; x_wconf 83' lang='lat' dir='ltr'>Chalcedonensi</span> <span class='ocrx_word' id='word_1_97' title='bbox 1687 1411 1795 1469; x_wconf 86' lang='lat' dir='ltr'>da-</span> 
     </span>
     <span class='ocr_line' id='line_1_15' title="bbox 90 1494 1794 1576; baseline 0.003 -22"><span class='ocrx_word' id='word_1_98' title='bbox 90 1510 335 1554; x_wconf 87' lang='lat' dir='ltr'>mnatus</span> <span class='ocrx_word' id='word_1_99' title='bbox 374 1510 502 1571; x_wconf 83' lang='lat' dir='ltr'>est3</span> <span class='ocrx_word' id='word_1_100' title='bbox 566 1517 643 1554; x_wconf 84' lang='lat' dir='ltr'>ex</span> <span class='ocrx_word' id='word_1_101' title='bbox 686 1494 861 1576; x_wconf 86' lang='lat' dir='ltr'>cujus</span> <span class='ocrx_word' id='word_1_102' title='bbox 906 1494 1184 1571; x_wconf 86' lang='lat' dir='ltr'>haeresi,</span> <span class='ocrx_word' id='word_1_103' title='bbox 1233 1514 1295 1560; x_wconf 88' lang='lat' dir='ltr'>et</span> <span class='ocrx_word' id='word_1_104' title='bbox 1339 1499 1557 1559; x_wconf 87' lang='lat' dir='ltr'>furore</span> <span class='ocrx_word' id='word_1_105' title='bbox 1593 1498 1794 1559; x_wconf 89' lang='lat' dir='ltr'>fauto-</span> 
     </span>
     <span class='ocr_line' id='line_1_16' title="bbox 91 1581 1799 1664; baseline 0 -21"><span class='ocrx_word' id='word_1_106' title='bbox 91 1607 231 1643; x_wconf 85' lang='lat' dir='ltr'>rum</span> <span class='ocrx_word' id='word_1_107' title='bbox 272 1581 440 1664; x_wconf 87' lang='lat' dir='ltr'>ejus,</span> <span class='ocrx_word' id='word_1_108' title='bbox 488 1585 764 1664; x_wconf 80' lang='lat' dir='ltr'>ingentia</span> <span class='ocrx_word' id='word_1_109' title='bbox 806 1583 962 1642; x_wconf 83' lang='lat' dir='ltr'>mala</span> <span class='ocrx_word' id='word_1_110' title='bbox 990 1629 1005 1657; x_wconf 88' lang='lat'>,</span> <span class='ocrx_word' id='word_1_111' title='bbox 1056 1588 1169 1643; x_wconf 87' lang='lat' dir='ltr'>toti</span> <span class='ocrx_word' id='word_1_112' title='bbox 1213 1587 1517 1647; x_wconf 79' lang='lat' dir='ltr'>Ecclesiae</span> <span class='ocrx_word' id='word_1_113' title='bbox 1561 1586 1799 1648; x_wconf 79' lang='lat' dir='ltr'>funesta</span> 
     </span>
     <span class='ocr_line' id='line_1_17' title="bbox 94 1668 1796 1759; baseline 0.001 -28"><span class='ocrx_word' id='word_1_114' title='bbox 94 1673 526 1753; x_wconf 84' lang='lat' dir='ltr'>sequebantur</span> <span class='ocrx_word' id='word_1_115' title='bbox 574 1674 638 1730; x_wconf 91' lang='lat' dir='ltr'>in</span> <span class='ocrx_word' id='word_1_116' title='bbox 680 1668 844 1730; x_wconf 84' lang='lat' dir='ltr'>hunc</span> <span class='ocrx_word' id='word_1_117' title='bbox 876 1693 1071 1751; x_wconf 87' lang='lat' dir='ltr'>usque</span> <span class='ocrx_word' id='word_1_118' title='bbox 1111 1671 1311 1746; x_wconf 88' lang='lat' dir='ltr'>diem,</span> <span class='ocrx_word' id='word_1_119' title='bbox 1374 1673 1433 1732; x_wconf 89' lang='lat' dir='ltr'>in</span> <span class='ocrx_word' id='word_1_120' title='bbox 1470 1674 1796 1759; x_wconf 80' lang='lat' dir='ltr'>AegyptO,</span> 
     </span>
     <span class='ocr_line' id='line_1_18' title="bbox 93 1758 1791 1847; baseline 0.002 -28"><span class='ocrx_word' id='word_1_121' title='bbox 93 1760 471 1830; x_wconf 78' lang='lat' dir='ltr'>Palaestina,</span> <span class='ocrx_word' id='word_1_122' title='bbox 548 1758 878 1833; x_wconf 88' lang='lat' dir='ltr'>Armenia,</span> <span class='ocrx_word' id='word_1_123' title='bbox 941 1759 1117 1839; x_wconf 83' lang='lat' dir='ltr'>Syria</span> <span class='ocrx_word' id='word_1_124' title='bbox 1144 1805 1158 1833; x_wconf 86' lang='lat'>‚</span> <span class='ocrx_word' id='word_1_125' title='bbox 1233 1761 1599 1847; x_wconf 84' lang='lat' dir='ltr'>Aethiopia,</span> <span class='ocrx_word' id='word_1_126' title='bbox 1678 1777 1791 1829; x_wconf 83' lang='lat' dir='ltr'>eet,</span> 
     </span>
     <span class='ocr_line' id='line_1_19' title="bbox 94 1848 1792 1924; baseline 0.001 -17"><span class='ocrx_word' id='word_1_127' title='bbox 94 1848 262 1907; x_wconf 90' lang='lat' dir='ltr'>unde</span> <span class='ocrx_word' id='word_1_128' title='bbox 315 1851 480 1906; x_wconf 81' lang='lat' dir='ltr'>inter</span> <span class='ocrx_word' id='word_1_129' title='bbox 545 1849 746 1906; x_wconf 84' lang='lat' dir='ltr'>varias</span> <span class='ocrx_word' id='word_1_130' title='bbox 803 1863 994 1908; x_wconf 88' lang='lat' dir='ltr'>sectas</span> <span class='ocrx_word' id='word_1_131' title='bbox 1054 1864 1296 1924; x_wconf 65' lang='lat' dir='ltr'>enatem,</span> <span class='ocrx_word' id='word_1_132' title='bbox 1381 1852 1792 1912; x_wconf 86' lang='lat' dir='ltr'>celeberrima</span> 
     </span>
     <span class='ocr_line' id='line_1_20' title="bbox 89 1936 1790 2025; baseline 0.003 -29"><span class='ocrx_word' id='word_1_133' title='bbox 89 1939 284 1996; x_wconf 86' lang='lat' dir='ltr'>evasit</span> <span class='ocrx_word' id='word_1_134' title='bbox 340 1936 804 2011; x_wconf 74' lang='lat' dir='ltr'>Aceplzalorum</span> <span class='ocrx_word' id='word_1_135' title='bbox 867 1958 974 1995; x_wconf 88' lang='lat' dir='ltr'>seu</span> <span class='ocrx_word' id='word_1_136' title='bbox 1023 1937 1179 1997; x_wconf 90' lang='lat' dir='ltr'>nulli</span> <span class='ocrx_word' id='word_1_137' title='bbox 1238 1941 1427 2023; x_wconf 86' lang='lat' dir='ltr'>capiti</span> <span class='ocrx_word' id='word_1_138' title='bbox 1488 1937 1790 2025; x_wconf 74' lang='lat' dir='ltr'>subjecti,</span> 
     </span>
     <span class='ocr_line' id='line_1_21' title="bbox 89 2022 1790 2112; baseline 0.002 -29"><span class='ocrx_word' id='word_1_139' title='bbox 89 2024 195 2084; x_wconf 89' lang='lat' dir='ltr'>sed</span> <span class='ocrx_word' id='word_1_140' title='bbox 243 2046 362 2108; x_wconf 88' lang='lat' dir='ltr'>pro</span> <span class='ocrx_word' id='word_1_141' title='bbox 399 2022 611 2082; x_wconf 56' lang='lat' dir='ltr'>&#39;lubitu</span> <span class='ocrx_word' id='word_1_142' title='bbox 652 2045 763 2083; x_wconf 89' lang='lat' dir='ltr'>suo</span> <span class='ocrx_word' id='word_1_143' title='bbox 807 2027 1141 2088; x_wconf 78' lang='lat' dir='ltr'>sentientes</span> <span class='ocrx_word' id='word_1_144' title='bbox 1167 2072 1183 2101; x_wconf 87' lang='lat'>,</span> <span class='ocrx_word' id='word_1_145' title='bbox 1254 2043 1393 2112; x_wconf 83' lang='lat' dir='ltr'>post</span> <span class='ocrx_word' id='word_1_146' title='bbox 1437 2031 1790 2093; x_wconf 75' lang='lat' dir='ltr'>Heuoticon</span> 
     </span>
     <span class='ocr_line' id='line_1_22' title="bbox 95 2111 1793 2196; baseline 0.005 -27"><span class='ocrx_word' id='word_1_147' title='bbox 95 2115 393 2186; x_wconf 70' lang='lat' dir='ltr'>Zenonz&#39;S,</span> <span class='ocrx_word' id='word_1_148' title='bbox 438 2111 722 2194; x_wconf 86' lang='lat' dir='ltr'>adeoque</span> <span class='ocrx_word' id='word_1_149' title='bbox 761 2125 896 2196; x_wconf 86' lang='lat' dir='ltr'>post</span> <span class='ocrx_word' id='word_1_150' title='bbox 945 2136 1038 2180; x_wconf 76' lang='lat' dir='ltr'>an,</span> <span class='ocrx_word' id='word_1_151' title='bbox 1096 2116 1231 2180; x_wconf 76' lang='lat'><strong>480.</strong></span> <span class='ocrx_word' id='word_1_152' title='bbox 1273 2117 1414 2175; x_wconf 88' lang='lat' dir='ltr'>Huc</span> <span class='ocrx_word' id='word_1_153' title='bbox 1463 2116 1793 2185; x_wconf 84' lang='lat' dir='ltr'>referenda</span> 
     </span>
     <span class='ocr_line' id='line_1_23' title="bbox 93 2202 1798 2280; baseline 0.002 -20"><span class='ocrx_word' id='word_1_154' title='bbox 93 2215 186 2260; x_wconf 82' lang='lat' dir='ltr'>est</span> <span class='ocrx_word' id='word_1_155' title='bbox 205 2214 367 2260; x_wconf 85' lang='lat' dir='ltr'>secta</span> <span class='ocrx_word' id='word_1_156' title='bbox 390 2203 903 2266; x_wconf 80' lang='lat' dir='ltr'>Fulloniauorum</span> <span class='ocrx_word' id='word_1_157' title='bbox 925 2202 1024 2267; x_wconf 84' lang='lat' dir='ltr'>vel</span> <span class='ocrx_word' id='word_1_158' title='bbox 1054 2205 1657 2280; x_wconf 75' lang='lat' dir='ltr'>Theopusclziturum</span> <span class='ocrx_word' id='word_1_159' title='bbox 1684 2229 1798 2264; x_wconf 85' lang='lat' dir='ltr'>au-</span> 
     </span>
     <span class='ocr_line' id='line_1_24' title="bbox 92 2288 1790 2377; baseline 0.004 -30"><span class='ocrx_word' id='word_1_160' title='bbox 92 2303 267 2348; x_wconf 87' lang='lat' dir='ltr'>ctore</span> <span class='ocrx_word' id='word_1_161' title='bbox 302 2290 488 2349; x_wconf 81' lang='lat' dir='ltr'>Petro</span> <span class='ocrx_word' id='word_1_162' title='bbox 533 2291 788 2348; x_wconf 77' lang='lat' dir='ltr'>Fullone</span> <span class='ocrx_word' id='word_1_163' title='bbox 825 2288 1223 2356; x_wconf 82' lang='lat' dir='ltr'>Antiocheno</span> <span class='ocrx_word' id='word_1_164' title='bbox 1273 2294 1585 2377; x_wconf 84' lang='lat' dir='ltr'>Episcopo</span> <span class='ocrx_word' id='word_1_165' title='bbox 1613 2340 1628 2368; x_wconf 88' lang='lat'>,</span> <span class='ocrx_word' id='word_1_166' title='bbox 1677 2296 1790 2376; x_wconf 89' lang='lat' dir='ltr'>qui</span> 
     </span>
     <span class='ocr_line' id='line_1_25' title="bbox 92 2377 1793 2457; baseline 0.001 -21"><span class='ocrx_word' id='word_1_167' title='bbox 92 2377 349 2438; x_wconf 80' lang='lat' dir='ltr'>asseruit</span> <span class='ocrx_word' id='word_1_168' title='bbox 387 2397 575 2436; x_wconf 62' lang='lat' dir='ltr'>{atzam</span> <span class='ocrx_word' id='word_1_169' title='bbox 611 2382 683 2441; x_wconf 77' lang='lat' dir='ltr'>de</span> <span class='ocrx_word' id='word_1_170' title='bbox 747 2381 805 2435; x_wconf 90' lang='lat' dir='ltr'><em>T</em></span> <span class='ocrx_word' id='word_1_171' title='bbox 798 2381 1060 2443; x_wconf 74' lang='lat' dir='ltr'>riuicate</span> <span class='ocrx_word' id='word_1_172' title='bbox 1084 2402 1425 2455; x_wconf 75' lang='lat' dir='ltr'>personum</span> <span class='ocrx_word' id='word_1_173' title='bbox 1464 2406 1599 2440; x_wconf 71' lang='lat' dir='ltr'>esse</span> <span class='ocrx_word' id='word_1_174' title='bbox 1629 2404 1793 2457; x_wconf 78' lang='lat' dir='ltr'>pas-</span> 
     </span>
     <span class='ocr_line' id='line_1_26' title="bbox 93 2466 1790 2551; baseline 0.006 -32"><span class='ocrx_word' id='word_1_175' title='bbox 93 2486 264 2535; x_wconf 81' lang='lat' dir='ltr'>sam,</span> <span class='ocrx_word' id='word_1_176' title='bbox 322 2474 381 2519; x_wconf 77' lang='lat' dir='ltr'>et</span> <span class='ocrx_word' id='word_1_177' title='bbox 444 2467 614 2527; x_wconf 81' lang='lat' dir='ltr'>cruci</span> <span class='ocrx_word' id='word_1_178' title='bbox 675 2466 946 2545; x_wconf 75' lang='lat' dir='ltr'>affixam,</span> <span class='ocrx_word' id='word_1_179' title='bbox 1015 2467 1156 2534; x_wconf 82' lang='lat' dir='ltr'>Huc</span> <span class='ocrx_word' id='word_1_180' title='bbox 1212 2485 1451 2551; x_wconf 86' lang='lat' dir='ltr'>spectat</span> <span class='ocrx_word' id='word_1_181' title='bbox 1504 2486 1565 2531; x_wconf 89' lang='lat' dir='ltr'>et</span> <span class='ocrx_word' id='word_1_182' title='bbox 1627 2484 1790 2530; x_wconf 84' lang='lat' dir='ltr'>secta</span> 
     </span>
     <span class='ocr_line' id='line_1_27' title="bbox 88 2541 1793 2642; baseline 0.005 -34"><span class='ocrx_word' id='word_1_183' title='bbox 88 2541 559 2624; x_wconf 72' lang='lat' dir='ltr'>Armeniorum,</span> <span class='ocrx_word' id='word_1_184' title='bbox 606 2551 801 2610; x_wconf 85' lang='lat' dir='ltr'>nullas</span> <span class='ocrx_word' id='word_1_185' title='bbox 848 2555 1139 2635; x_wconf 81' lang='lat' dir='ltr'>imagines</span> <span class='ocrx_word' id='word_1_186' title='bbox 1181 2556 1492 2617; x_wconf 88' lang='lat' dir='ltr'>collendas</span> <span class='ocrx_word' id='word_1_187' title='bbox 1531 2560 1793 2642; x_wconf 83' lang='lat' dir='ltr'>permit-</span> 
     </span>
     <span class='ocr_line' id='line_1_28' title="bbox 92 2640 1792 2724; baseline 0.002 -24"><span class='ocrx_word' id='word_1_188' title='bbox 92 2655 239 2700; x_wconf 87' lang='lat' dir='ltr'>tens.</span> <span class='ocrx_word' id='word_1_189' title='bbox 311 2676 394 2683; x_wconf 90' lang='lat'>—</span> <span class='ocrx_word' id='word_1_190' title='bbox 449 2640 735 2702; x_wconf 82' lang='lat' dir='ltr'>Haeresis</span> <span class='ocrx_word' id='word_1_191' title='bbox 793 2643 1135 2723; x_wconf 84' lang='lat' dir='ltr'>imputatur</span> <span class='ocrx_word' id='word_1_192' title='bbox 1181 2645 1367 2703; x_wconf 87' lang='lat' dir='ltr'>etiam</span> <span class='ocrx_word' id='word_1_193' title='bbox 1434 2650 1792 2724; x_wconf 77' lang='lat' dir='ltr'>Vigilantio</span> 
     </span>
    </p>
   </div>
   <div class='ocr_carea' id='block_1_3' title="bbox 1556 2733 1706 2798">
    <p class='ocr_par' dir='ltr' id='par_1_3' title="bbox 1556 2733 1706 2798">
     <span class='ocr_line' id='line_1_29' title="bbox 1556 2733 1706 2798; baseline 0 -8"><span class='ocrx_word' id='word_1_194' title='bbox 1556 2733 1706 2798; x_wconf 55' lang='lat' dir='ltr'>Gal„</span> 
     </span>
    </p>
   </div>
   <div class='ocr_carea' id='block_1_4' title="bbox 97 2818 413 2833">
    <p class='ocr_par' dir='ltr' id='par_1_4' title="bbox 97 2818 413 2833">
     <span class='ocr_line' id='line_1_30' title="bbox 97 2818 413 2833; baseline 0 0"><span class='ocrx_word' id='word_1_195' title='bbox 97 2818 413 2833; x_wconf 95' lang='lat' dir='ltr'> </span> 
     </span>
    </p>
   </div>
   <div class='ocr_carea' id='block_1_5' title="bbox 165 2896 1788 3114">
    <p class='ocr_par' dir='ltr' id='par_1_5' title="bbox 165 2896 1788 3114">
     <span class='ocr_line' id='line_1_31' title="bbox 165 2896 1788 2975; baseline 0.006 -27"><span class='ocrx_word' id='word_1_196' title='bbox 165 2902 233 2963; x_wconf 82' lang='lat' dir='ltr'>a)</span> <span class='ocrx_word' id='word_1_197' title='bbox 275 2900 478 2951; x_wconf 79' lang='lat' dir='ltr'>Soerat.</span> <span class='ocrx_word' id='word_1_198' title='bbox 505 2899 566 2950; x_wconf 90' lang='lat' dir='ltr'>L.</span> <span class='ocrx_word' id='word_1_199' title='bbox 609 2896 659 2956; x_wconf 84' lang='grc'>7.</span> <span class='ocrx_word' id='word_1_200' title='bbox 692 2917 742 2953; x_wconf 78' lang='grc' dir='ltr'>ο.</span> <span class='ocrx_word' id='word_1_201' title='bbox 782 2896 824 2949; x_wconf 84' lang='lat'>7.</span> <span class='ocrx_word' id='word_1_202' title='bbox 855 2910 908 2952; x_wconf 86' lang='lat' dir='ltr'>et</span> <span class='ocrx_word' id='word_1_203' title='bbox 940 2898 1022 2952; x_wconf 81' lang='lat'>34.</span> <span class='ocrx_word' id='word_1_204' title='bbox 1051 2919 1166 2973; x_wconf 84' lang='lat' dir='ltr'>seq.</span> <span class='ocrx_word' id='word_1_205' title='bbox 1201 2904 1356 2960; x_wconf 74' lang='lat' dir='ltr'>Acta.</span> <span class='ocrx_word' id='word_1_206' title='bbox 1390 2905 1557 2960; x_wconf 75' lang='lat' dir='ltr'>Cone.</span> <span class='ocrx_word' id='word_1_207' title='bbox 1588 2905 1788 2975; x_wconf 81' lang='lat' dir='ltr'>Ephes.</span> 
     </span>
     <span class='ocr_line' id='line_1_32' title="bbox 234 2969 1788 3052; baseline 0.006 -32"><span class='ocrx_word' id='word_1_208' title='bbox 234 2988 322 3038; x_wconf 74' lang='lat' dir='ltr'>ap.</span> <span class='ocrx_word' id='word_1_209' title='bbox 374 2969 827 3023; x_wconf 73' lang='lat' dir='ltr'>Ha1·d11in.&#39;.sl.</span> <span class='ocrx_word' id='word_1_210' title='bbox 878 2989 929 3039; x_wconf 87' lang='lat' dir='ltr'>p.</span> <span class='ocrx_word' id='word_1_211' title='bbox 979 2969 1132 3024; x_wconf 84' lang='lat'>4351.</span> <span class='ocrx_word' id='word_1_212' title='bbox 1170 2990 1280 3044; x_wconf 81' lang='lat' dir='ltr'>seq.</span> <span class='ocrx_word' id='word_1_213' title='bbox 1333 2976 1515 3033; x_wconf 62' lang='lat' dir='ltr'>Baliiz.</span> <span class='ocrx_word' id='word_1_214' title='bbox 1558 2993 1617 3052; x_wconf 76' lang='lat' dir='ltr'>p,</span> <span class='ocrx_word' id='word_1_215' title='bbox 1665 2975 1788 3034; x_wconf 78' lang='lat'>453.</span> 
     </span>
     <span class='ocr_line' id='line_1_33' title="bbox 236 3038 1143 3114; baseline 0.001 -24"><span class='ocrx_word' id='word_1_216' title='bbox 236 3057 346 3114; x_wconf 80' lang='lat' dir='ltr'>seq.</span> <span class='ocrx_word' id='word_1_217' title='bbox 389 3038 456 3111; x_wconf 81' lang='lat' dir='ltr'>b)</span> <span class='ocrx_word' id='word_1_218' title='bbox 495 3039 778 3109; x_wconf 73' lang='lat' dir='ltr'>Evagrius,</span> <span class='ocrx_word' id='word_1_219' title='bbox 821 3040 882 3096; x_wconf 83' lang='lat' dir='ltr'>L.</span> <span class='ocrx_word' id='word_1_220' title='bbox 922 3038 970 3094; x_wconf 47' lang='lat' dir='ltr'>sl.</span> <span class='ocrx_word' id='word_1_221' title='bbox 1013 3060 1056 3094; x_wconf 84' lang='lat' dir='ltr'>c.</span> <span class='ocrx_word' id='word_1_222' title='bbox 1101 3041 1143 3096; x_wconf 83' lang='lat'>7.</span> 
     </span>
    </p>
   </div>
  </div>
 </body>
</html>
