2097 3726
436 242 511 284 12
870 219 1485 277 Historia

334 399 582 483 quietae
621 405 831 469 erant,
862 395 1182 454 Ascanius
1224 396 1393 456 enim
1434 394 1688 453 Aeneae
1728 392 1891 456 filius
1932 396 2046 456 Al-

334 488 482 549 bam
531 487 812 567 Longam
850 483 1164 561 condidit3
1230 483 1341 543 ubi
1385 482 1566 543 alteri
1626 484 1875 542 Aeneae
1915 485 2045 547 filio

335 572 670 660 posthumo
726 575 942 650 Sylvio
995 572 1276 633 delatum
1324 584 1415 631 est
1458 593 1767 653 regnum,
1830 596 1862 630 a
1913 597 2044 657 quo

337 663 575 723 Albani
611 664 813 745 Reges
847 664 1054 738 Sylvii
1075 675 1219 720 sunt
1251 659 1578 744 appellati,
1626 682 1704 719 ex
1737 683 1861 743 qua
1901 665 2048 722 stir-

333 774 413 836 pe
449 751 630 812 etiam
682 754 986 810 Romulus·
1037 752 1273 810 Romae
1311 746 1601 809 conditor
1645 772 1762 831 per
1815 750 2045 811 lineam

334 840 670 900 femineam
700 838 1046 900 descendit:
1091 839 1248 899 Nam
1284 839 1581 896 Amulius
1609 840 1868 914 Sylvius
1910 840 2044 899 Nu—

332 932 564 990 mitore
600 925 840 1010 majore
881 927 1077 988 fratre
1118 926 1334 1010 pu150‚
1397 948 1665 1009 regnum
1697 948 2045 1011 occupan3‚

330 1031 404 1077 ut
454 1015 610 1076 illud
673 1014 898 1076 dehinc
953 1029 1092 1076 tuto
1152 1028 1433 1090 teneret,
1519 1031 2047 1099 praeconceptum

327 1104 524 1167 scelus
580 1105 870 1187 ampliori
903 1105 1136 1166 scelere
1178 1103 1567 1179 cumulavit,
1630 1105 1881 1165 virilem
1921 1103 2050 1165 fra-

331 1195 446 1254 tris
485 1195 579 1254 sui
621 1197 884 1277 stirpem
923 1191 1398 1269 interficiendo,
1463 1194 1713 1252 Rheam
1751 1197 2042 1271 Sylviam

331 1305 488 1345 vero
521 1284 772 1343 unicam
813 1280 946 1365 ejus
986 1281 1178 1342 flliam
1232 1283 1398 1342 inter
1429 1279 1712 1343 Vestales
1766 1284 2044 1364 virgines

333 1370 578 1448 dando,
667 1385 739 1431 ut
794 1375 880 1432 sic
933 1373 988 1433 ei
1044 1394 1296 1432 omnem
1351 1370 1799 1453 concipiendae
1851 1371 2046 1455 prolis

336 1482 512 1543 spem
566 1458 975 1544 praecideret.
1052 1460 1320 1527 Interim
1378 1460 1563 1518 Rhea
1631 1462 1942 1520 incertum
2011 1483 2047 1518 a

338 1571 467 1633 quo
520 1549 812 1631 gemellos
867 1551 1134 1633 suscepit
1188 1548 1390 1624 filios,
1483 1550 1595 1630 qui
1655 1549 1734 1608 ab
1795 1552 2050 1608 Amulio

340 1637 655 1698 avunculo
689 1640 996 1722 expositi,
1033 1652 1095 1698 et
1129 1638 1206 1697 ab
1237 1642 1547 1697 Faustulo
1588 1650 1837 1723 pastore
1870 1640 2047 1719 regio

335 1724 586 1787 educati
628 1740 787 1785 sunt.
876 1728 1000 1800 Qui
1041 1726 1194 1787 dum
1241 1725 1691 1801 adolevissent,
1751 1729 2050 1786 Numito-

337 1838 474 1874 rem
514 1838 701 1874 avum
734 1826 1168 1897 agnoscente5‚
1214 1835 1364 1874 mox
1407 1836 1553 1874 eum
1584 1818 1837 1874 Amulio
1885 1816 2052 1876 occi-

342 1925 452 1980 80‚
515 1906 580 1963 in
625 1926 888 1986 regnum
930 1904 1357 1964 restituerunt.
1436 1903 1565 1986 Ipsi
1608 1924 1766 1964 vero
1801 1918 2051 1962 contra-

336 2004 436 2052 cta
480 2007 809 2075 pastorum
860 2006 923 2053 et
968 2014 1394 2052 convenarum
1436 2014 1622 2050 manu
1648 2037 1663 2066 ,
1709 2014 1938 2052 novam
1984 1994 2048 2053 in

343 2081 580 2141 Palatio
623 2080 869 2155 monte,
936 2080 1046 2142 ubi
1084 2079 1322 2141 educati
1358 2093 1572 2154 erant,
1618 2079 1859 2140 Urbem
1899 2102 2050 2140 con*

330 2168 630 2230 diderunt
685 2193 733 2230 a.
791 2169 875 2230 M.
931 2170 1119 2231 5225.
1185 2173 1288 2231 cui
1346 2168 1780 2230 destinabatur
1848 2169 2043 2229 Orbis

343 2260 698 2344 imperium.
768 2257 837 2336 a)

496 2350 923 2407 Romanorum
979 2348 1283 2405 Historia
1350 2344 1560 2427 quoad
1633 2341 2049 2428 chronologi-

341 2456 443 2495 am
482 2436 978 2496 commodissime
1029 2434 1225 2494 dividi
1281 2448 1484 2517 potest
1538 2436 1602 2494 in
1647 2448 1773 2495 tres
1822 2446 2047 2508 statum,

343 2538 535 2608 prout
593 2546 818 2608 nempe
878 2525 924 2584 I.
968 2523 1087 2584 sub
1134 2521 1425 2604 Regibus,
1474 2524 1552 2582 ΙΙ.
1591 2522 1709 2585 suh
1765 2524 2047 2583 Consuli—

345 2613 482 2672 bus,
535 2614 648 2671 ΙΙΙ.
701 2612 820 2673 sub
866 2612 1364 2695 Imperatoribus
1409 2612 1855 2673 inclaruerunt.
1926 2614 2048 2670 Ita-

344 2723 476 2784 que
527 2703 831 2761 Romulas
880 2700 1164 2762 conditae
1216 2699 1380 2759 Urbi
1428 2696 1722 2783 Augurio
1755 2702 2046 2783 superior

343 2811 573 2850 nomen
611 2788 812 2862 dedit,
858 2788 1032 2874 cujus
1071 2792 1317 2849 moenia
1350 2811 1751 2873 nequaquam
1779 2788 2046 2873 praedo-

345 2899 498 2939 num
546 2877 832 2962 perfugio
877 2890 1057 2939 erant
1093 2889 1446 2957 exstructa3
1511 2877 1618 2940 sed
1654 2877 1734 2939 ab
1773 2878 2044 2959 agresti-

1838 2964 1955 3026 hus

345 3061 664 3083 ψ

417 3143 498 3219 a)
536 3142 741 3199 Livius,
778 3139 841 3196 L.
881 3136 929 3195 1.
967 3158 1014 3195 c.
1052 3138 1103 3196 2.
1139 3147 1193 3193 et
1229 3137 1279 3194 3.
