2097 3726
425 164 457 220 5
470 180 498 218 2
513 177 543 214 2
860 150 1154 215 Ifistopia
1201 142 1459 218 huperti

334 351 457 395 tum
500 324 925 390 imminutione
964 336 1315 383 restaurare
1372 335 1546 400 posse
1586 315 2020 383 existimantes

330 419 553 502 maJ'ora
580 415 733 474 mala
764 426 1104 472 causarunt.
1154 414 1328 468 Inter
1350 404 1498 465 haec
1521 404 1784 486 Hispani
1810 406 1868 463 in
1892 408 2014 463 lta-

328 510 466 567 liam
519 509 823 568 irruentes
886 500 1159 558 Siciliam
1217 511 1280 558 et
1335 491 1682 553 Sardiniam
1748 514 2018 576 occupa·

326 609 508 669 runt;
542 604 754 651 contra
785 611 1056 671 quorum
1091 587 1427 669 potentiam
1461 585 1855 652 Lomlinense
1885 582 2018 641 foe-

323 685 433 742 (lus
475 685 697 741 initum
741 692 829 739 est
889 678 1049 735 inter
1107 677 1460 744 Caesarem,
1528 670 1800 754 AngIQS,
1868 669 2022 732 Gal-e

324 774 449 845 los,
511 769 756 851 Belgas,
825 779 885 825 et
946 764 1286 827 Sahaudiae
1343 762 1612 833 Ducem,
1683 783 1716 818 a
1781 758 2020 843 quibus

324 860 581 941 Hispani
628 857 794 916 domi
838 868 899 914 et
936 853 1085 913 foris
1110 898 1128 927 ,
1174 851 1330 910 mari
1370 863 1431 909 et
1465 862 1634 910 terra
1672 849 2015 910 solenniter
2078 900 2082 901 ff

323 948 663 1032 ];›rofligati,
738 967 857 1011 una
907 964 1051 1002 cum
1102 963 1248 1024 rege
1293 941 1584 1013 Philippo
1625 937 2017 999 conditiones

319 1038 432 1097 sibi
475 1036 811 1119 propositas
845 1032 1182 1092 observare
1218 1026 1776 1111 compelle-bantur,
1825 1030 2012 1092 1720.

320 1128 409 1185 uti
444 1121 657 1186 Caesar
696 1122 998 1196 Siciliam,
1046 1117 1368 1179 Sabaudus
1401 1115 1750 1176 Sardiniam
1788 1119 2018 1201 recipi-

321 1228 419 1291 at3
486 1227 556 1274 ut
595 1213 913 1289 Philippus
972 1213 1047 1269 V‚
1091 1209 1427 1290 Hispaniae
1474 1207 1614 1272 Rex
1660 1207 2014 1289 legitimus,

320 1304 539 1362 Caesar
571 1322 722 1361 vero
754 1302 961 1365 ltaliae
995 1299 1294 1358 Dominus
1326 1310 1712 1378 agnoscatur.
1762 1297 1850 1355 Ut
1895 1299 2017 1355 Ca-

320 1395 436 1448 roli
476 1393 745 1466 Philippi
792 1388 917 1448 filio
963 1394 1056 1471 jus
1100 1384 1472 1447 succedendi
1521 1384 1905 1454 concedatur
1950 1387 2017 1444 in

320 1482 675 1541 =Hetruriam
717 1493 778 1539 et
817 1481 1135 1551 Parmam,
1181 1475 1293 1535 ubi
1332 1474 1462 1559 ejus
1505 1489 1862 1558 praesentes
1900 1474 2021 1537 du-.

320 1590 414 1628 ces
461 1575 588 1628 sine
631 1566 889 1635 haerede
924 1568 1314 1635 decesserint.
1366 1567 1511 1625 Post
1553 1561 1700 1633 haec
1752 1566 2017 1632 Carolus

325 1657 668 1739 Imperator
717 1660 913 1717 varias
964 1656 1259 1716 salutares
1316 1654 1480 1736 leges
1516 1656 1580 1712 in
1621 1653 2017 1721 emolumen-„

325 1759 454 1803 tum
518 1761 878 1805 cunctorum
936 1744 1328 1805 subditorum
1383 1744 1634 1818 ferens,
1711 1746 2015 1826 quoniam

327 1833 468 1892 filiis
505 1850 773 1911 careret,
835 1833 1143 1896 decrevit:
1214 1850 1284 1893 ut
1324 1836 1389 1893 in
1436 1834 1620 1894 terris
1669 1855 1822 1916 quas
1870 1830 2017 1904 hae-

323 1922 616 1982 reditario
650 1921 783 2002 jure
817 1923 1114 2007 possidet,
1147 1926 1332 1985 etiam
1363 1922 1605 1983 filiabus
1638 1924 1838 2006 gentis
1864 1943 2020 1985 suae.

323 2007 413 2090 jus
447 2011 804 2073 succedendi
848 2028 1031 2088 esset,
1097 2014 1267 2097 quod
1314 2015 1653 2082 Decretum
1713 2015 2014 2071 Sanctio-

323 2121 455 2156 nem
506 2105 976 2178 Pragmaticcmz
1028 2103 1396 2186 appellavit,
1479 2125 1671 2185 quam
1723 2101 2014 2165 Sanctio-2

327 2210 468 2246 nem
520 2193 678 2249 inter
735 2214 942 2252 omnes
1003 2193 1166 2251 Juris
1234 2192 1476 2256 Publici
1537 2192 2017 2259 constitutiones

327 2276 824 2353 celeberrimam,
864 2280 1095 2362 publici
1127 2284 1292 2342 Juris
1318 2282 1465 2342 fecit
1503 2284 1782 2351 Viennae
1825 2280 2009 2349 1754.

326 2363 403 2421 ad
441 2369 747 2428 evitandas
787 2368 863 2428 de
902 2372 1278 2431 successione
1319 2371 1775 2437 controversias
1800 2415 1816 2445 ,
1852 2390 2013 2453 quo-

328 2454 491 2512 niam
530 2457 652 2536 ipse
695 2457 938 2518 ultimus
980 2459 1054 2520 de
1099 2463 1292 2544 stirpe
1337 2459 1670 2520 Austriaca
1715 2460 1848 2521 sine
1881 2480 2014 2518 ma-v

324 2541 485 2598 scula
524 2544 696 2625 prole
755 2561 941 2606 esset:
1013 2553 1250 2631 Vigore
1305 2548 1477 2631 cujus
1532 2552 1595 2608 in
1638 2563 1834 2609 terras
1870 2546 2013 2612 hae-

323 2628 631 2692 reditarias
685 2632 774 2712 jus
815 2638 1175 2697 succedendi
1219 2636 1449 2697 habent
1488 2640 1532 2697 Ι.
1589 2640 1828 2698 Posteri
1891 2641 2017 2696 Ca-

330 2722 442 2774 roli
490 2724 600 2778 VI.
646 2727 791 2804 lmp.
835 2747 944 2805 per
990 2725 1173 2785 filiam
1215 2731 1500 2796 fisal'ismz
1549 2730 1908 2790 Ther-esiam
1945 2728 2012 2788 in

330 2826 447 2884 qua
530 2808 866 2869 felicissima
946 2815 1219 2897 plurium
1304 2817 1653 2876 liberorum
1753 2830 2016 2898 parente

335 2893 528 2975 Stirps
592 2899 908 2958 Austriaco
976 2902 1412 2989 Lotharingica
1463 2905 1666 2967 denuo
1723 2908 1780 2965 in
1838 2927 2013 2988 spem

333 2979 685 3062 Regnorum
740 3001 798 3047 et
838 2990 1307 3054 Provinciarmn
1356 2994 1714 3059 reflorescit.
1765 2999 1840 3054 ll.
1895 2996 2011 3055 Po-

1771 3096 1920 3144 steri
