2097 3726
501 221 563 276 R
608 241 642 275 o
690 239 748 273 m
795 238 836 271 a
882 237 922 271 n
968 238 1001 270 ο
1050 236 1083 269 r
1132 235 1172 270 ιι
1228 235 1299 273 m.
1556 213 1676 271 125

251 401 347 456 17.
412 396 645 453 Lucius
710 395 1106 467 Commodch,
1171 393 1408 474 optimo
1446 389 1643 472 patri,
1690 385 1766 445 fi-

63 485 184 544 lius
229 487 524 571 pessimus
577 483 878 543 successit.
938 503 990 538 a.
1047 483 1185 540 181.
1241 503 1384 538 nam
1446 482 1509 538 in
1566 489 1765 538 aetate

63 597 173 635 sua
204 571 565 644 immatura,
624 570 704 628 ab
743 568 1224 629 assentatoribus
1262 583 1633 650 corruptuS,
1681 564 1767 642 a)

66 659 462 734 crudelitate,
525 657 820 732 libidine,
886 672 947 716 et
983 657 1252 740 indignis
1303 657 1477 717 factis
1534 657 1770 714 Neroni

65 753 315 825 similis,
382 752 445 807 in
495 745 984 830 Amphitheatro
1029 747 1231 830 palam
1273 768 1414 805 cum
1469 743 1769 827 gladiato—

66 840 244 902 ribus
288 854 352 899 et
393 837 602 897 bestiis
637 834 994 919 depugnare
1045 858 1172 895 non
1221 835 1511 908 erubuit,
1581 848 1643 892 et
1675 833 1769 891 sui

72 931 459 1012 principatus
515 946 751 982 annum
810 923 1085 983 seculum
1144 947 1402 985 aureum
1462 920 1764 1006 appellari

71 1018 290 1101 jussit,
338 1016 420 1095 b)
467 1014 580 1074 etsi
632 1014 855 1097 optimi
903 1013 1140 1096 quique
1191 1012 1533 1072 crudeliter
1579 1013 1775 1068 inter-

73 1104 430 1168 ficerentur.
483 1102 658 1161 Licet
696 1115 904 1160 autem
928 1124 1138 1161 curam
1162 1101 1544 1185 reipublicae
1577 1096 1776 1180 negli-

68 1209 276 1277 geret,
327 1205 536 1251 tamen
586 1212 700 1273 per
750 1190 1021 1272 legatOS,
1069 1193 1312 1263 Mauri,
1376 1191 1567 1263 Daci,
1614 1188 1777 1246 Pan*

70 1286 282 1358 nonii,
330 1280 625 1340 Germani
670 1291 730 1338 et
765 1280 1048 1339 Britanni
1083 1303 1196 1364 per
1232 1278 1774 1362 vigilantissimum

71 1369 295 1433 ducem
339 1372 588 1444 Ulpium
646 1371 1023 1427 fflarcellam
1077 1371 1225 1428 victi
1278 1380 1470 1429 erant.
1539 1368 1774 1424 Contra

71 1460 450 1521 Christianos
489 1455 746 1538 quidem
785 1480 1006 1539 parum
1057 1460 1417 1531 attentavit,
1469 1455 1607 1514 ideo
1649 1455 1779 1511 lto-

69 1574 209 1610 mae
277 1546 548 1607 Ecclesia
611 1548 756 1628 ipsis
817 1549 1005 1605 etiam
1087 1545 1479 1627 Magnatibus
1540 1541 1769 1599 florere

84 1640 311 1723 coepit.
386 1635 458 1714 c)
506 1632 785 1693 Tandem
827 1636 952 1692 suis
1001 1633 1084 1692 ob
1133 1632 1568 1692 crudelitatem
1614 1629 1778 1685 invi-

78 1750 212 1801 suS,
273 1746 469 1807 quum
507 1721 727 1781 ferales
767 1721 855 1780 illi
893 1721 1198 1796 codicilli,
1262 1722 1493 1804 quibus
1529 1718 1783 1778 nomina

79 1816 587 1900 proscriptorum
644 1811 1260 1894 complectebantur,
1335 1833 1480 1870 casu
1547 1804 1783 1892 proditi

82 1915 327 1976 essent,
396 1900 476 1959 ab
520 1902 594 1958 iis
647 1921 807 1982 quos
858 1900 1214 1961 interficere
1265 1900 1518 1960 volebat
1548 1944 1564 1972 ,
1634 1894 1784 1953 dum

84 2013 398 2054 venenum
438 2013 471 2048 a
514 1991 774 2049 Ilffarcia
822 1991 1170 2049 concubina
1223 2003 1586 2073 porrectum
1632 1980 1788 2042 nihil

80 2085 350 2152 valeret,
416 2078 496 2157 d)
542 2075 766 2160 laqueo
803 2079 1131 2139 suffocatus
1166 2094 1290 2155 est,
1338 2101 1500 2137 anno
1541 2076 1788 2160 pessimi

86 2169 407 2251 regiminis
466 2169 564 2227 15.
611 2168 814 2239 Quem
857 2168 1116 2228 Senatus
1157 2169 1239 2228 ob
1279 2170 1634 2239 saevitiem,
1682 2162 1795 2221 ho-

79 2273 248 2318 stem
285 2258 563 2315 Deorum
597 2268 660 2316 et
701 2253 1026 2317 hominum
1070 2257 1421 2319 declaravit.

274 2347 370 2403 18.
419 2346 718 2418 Helvius,
766 2347 1073 2406 Pertinax
1120 2347 1359 2420 dictus,
1407 2342 1579 2428 quod
1631 2342 1794 2401 invi—

90 2449 188 2493 tus
231 2432 567 2513 imperium
607 2436 953 2512 acceperit,
1035 2448 1212 2495 antea
1250 2438 1520 2519 optimus
1567 2453 1798 2504 senex,

90 2520 544 2580 Grammaticus
603 2517 966 2594 Professor,
1051 2521 1304 2583 demum
1354 2545 1468 2607 per
1519 2519 1793 2601 singulos

88 2611 350 2670 militiae
383 2605 606 2689 gradus
641 2607 1002 2683 ascendens,
1063 2632 1302 2672 summa
1331 2610 1631 2672 modestia
1670 2611 1794 2666 im—

1563 2718 1708 2780 pel*-

166 2871 241 2944 a)
281 2869 579 2949 Herodian.
612 2868 762 2935 L.51.
793 2889 842 2923 c.
881 2864 1117 2924 1.-‘-,‘24.
1157 2867 1374 2935 Xiphil.
1415 2869 1475 2919 L.
1517 2865 1598 2919 72.
1635 2868 1802 2919 Lam-

237 2940 384 3012 prid.
441 2960 490 2996 c.
527 2941 575 2993 1.
603 2939 705 3021 st)
762 2941 935 2994 [deni.
997 2958 1039 2990 e.
1079 2937 1314 2992 8.-14,
1352 2938 1567 3010 Xiphil.
1606 2937 1668 2989 L.
1715 2935 1799 2987 72.

240 3023 309 3082 c)
347 3010 674 3066 Idem.1b1d.
716 3011 906 3064 Euseh.
947 3012 1011 3064 L.
1049 3010 1095 3061 5.
1132 3029 1182 3063 c.
1210 3008 1291 3062 19.
1328 3010 1620 3063 lremaeuS.
1661 3008 1722 3058 L.
1748 3008 1798 3057 5.

246 3079 374 3205 34.
412 3079 821 3208 deHero1d7iau.
856 3082 919 3134 L.
955 3079 999 3134 1.
1041 3099 1087 3136 c.
1111 3078 1194 3135 54.
1232 3098 1340 3153 seq.
1369 3079 1588 3153 Xiphil.
1627 3078 1688 3130 L.
1715 3076 1798 3129 72.

299 3168 476 3223 ampri
518 3191 531 3206 .
571 3173 618 3211 c.
727 3193 740 3207 .
776 3170 886 3223 seq.
