2097 3726
578 230 858 283 Romano
904 224 1274 280 Germanici.
1569 219 1691 298 547

249 401 380 460 Sec,
429 404 601 465 XVI.
669 402 899 458 Fame.
955 401 1254 459 Ximenes
1307 391 1622 458 Cardinal.
1689 391 1802 451 Bi-

74 490 201 552 blia
235 489 568 574 Poliglotta
601 485 797 552 edidit
836 489 1146 547 Erasmus
1183 489 1686 548 Bone-rodamus
1731 481 1799 538 in

72 577 421 641 liutherum
467 580 785 639 Calamum
835 578 1106 637 strinxit.
1159 571 1572 655 S.¹Jggnatms
1625 568 1801 629 Cele-

75 669 382 731 berrimae
437 668 758 729 Societatis
817 666 971 727 Jesu
1016 664 1329 726 fundator.
1378 669 1613 723 Frcmw.
1677 660 1803 715 Ri-

72 760 240 816 bera.
307 760 576 818 Joamzes
632 759 996 833 Gropperas
1046 751 1447 838 Westphalus
1502 748 1646 809 fidei
1686 747 1800 804 Ca-

73 845 340 908 tholicae
378 858 815 932 propugnator
851 846 1211 905 acerrimus.

253 936 384 997 Sec.
412 935 619 997 XVII.
652 937 914 1009 Lipsius
949 935 1342 1008 Barclajas,
1381 932 1470 990 H
1471 948 1592 1004 ago
1643 926 1802 981 Gro-

73 1027 216 1085 tius.
280 1027 647 1084 Drexelius.
693 1026 1057 1084 Bollandcffi.
1122 1025 1398 1100 Reding.
1462 1012 1803 1095 Theologi-

72 1136 144 1174 ca
192 1111 407 1174 edidit.

251 1202 384 1263 See.
433 1200 672 1262 XVIII.
712 1202 973 1262 Bosuet.
1032 1196 1347 1261 Polemica
1395 1207 1458 1257 et
1527 1187 1801 1273 Dogma-

73 1293 194 1352 tiea
229 1292 506 1377 Scripsit.
555 1291 956 1368 Augustinus
1008 1292 1264 1349 Calmet.
1314 1283 1789 1369 Expositionem

72 1382 437 1463 Scripturae
476 1380 534 1440 S.
580 1382 1004 1458 Momgs‘aacon.
1065 1377 1417 1439 Tarnellizcs
1457 1385 1523 1435 et
1571 1374 1795 1430 Berti-

73 1494 149 1530 ns
203 1470 575 1552 Dogmatici.
617 1471 952 1537 Anselmzcs
1011 1472 1277 1544 Desing.
1328 1462 1410 1524 ab
1452 1462 1804 1543 omnigena

71 1555 445 1620 Eruditione
485 1558 972 1620 commendatus.
1023 1571 1141 1619 ete.
1190 1568 1302 1619 etc.

251 1650 572 1708 Historici
601 1662 809 1710 autem
844 1650 954 1732 qui
998 1648 1466 1708 Germanorum
1504 1638 1694 1712 Acta,
1733 1645 1796 1698 et

76 1738 541 1822 Imperatorum
580 1740 735 1799 vitas
772 1737 1060 1823 specifice
1097 1733 1607 1815 conscripserunt
1631 1772 1647 1802 ‚
1694 1729 1793 1786 in-

74 1826 153 1887 de
195 1850 230 1885 a
271 1828 600 1906 Radolplzo
637 1829 690 1887 I.
730 1839 873 1887 sunt
910 1822 1391 1887 nominatissimi
1432 1828 1795 1903 sequentes:

77 1916 174 1976 uti
235 1917 482 1993 Caspar
534 1919 948 1991 Dor-navim,
1013 1912 1473 1999 Panegyricum
1521 1907 1802 1969 Histori-

78 2026 222 2065 cum
269 2004 463 2067 edidit
501 2006 783 2067 Gorlicii.
839 2007 1025 2066 1677.
1075 2003 1154 2066 de
1211 2001 1546 2077 Radolplzo
1596 1994 1801 2055 Habs-

79 2095 363 2177 burgico.
410 2096 504 2155 De
545 2094 767 2157 eodem
807 2097 1233 2178 scripserunt3
1301 2093 1479 2150 Joan.
1531 2088 1798 2145 Hem-ic,

76 2186 429 2244 Boecleras‘.
471 2186 656 2247 1682.
705 2189 933 2246 Petras
977 2184 1371 2244 Lamheeizcs,
1416 2178 1755 2259 Syntagma
1781 2218 1798 2249 ‚

83 2286 147 2333 et
195 2271 476 2333 codicem
523 2274 946 2357 Epistolarum
990 2274 1147 2356 Imp.
1193 2269 1525 2346 Radolplzi
1577 2268 1626 2324 Ι.
1679 2263 1800 2320 Al-

79 2363 242 2420 berti
279 2360 597 2422 Austriaci
631 2366 827 2423 vitam
865 2365 1248 2446 Panegyrico
1289 2356 1637 2419 celebravit
1680 2354 1801 2410 Ca-

78 2473 237 2528 δραι·
290 2454 681 2513 DornaviaS.
744 2455 1017 2511 Henrici
1072 2455 1145 2510 V
1137 2453 1226 2510 II.
1280 2448 1631 2508 Historiam
1696 2442 1795 2502 16.

79 2539 292 2602 Libris
326 2540 649 2624 descripsit
691 2542 1060 2602 Albertinzcs
1102 2543 1451 2600 stffassatuS.
1511 2531 1799 2597 Venetiis

89 2631 276 2692 1656.
334 2629 635 2715 prodivit.
712 2633 1038 2691 Conrac'lccs
1110 2633 1412 2689 Vecericcs
1465 2625 1800 2705 Hagenoae

88 2721 276 2779 1551.
334 2721 399 2778 in
458 2722 513 2780 8.
548 2719 674 2781 ‘De
730 2741 887 2781 vero
947 2722 1173 2781 mortis
1238 2737 1470 2801 genere
1531 2708 1803 2770 Henrici

89 2812 162 2872 V
157 2810 245 2867 II.
305 2806 804 2870 dissertationem
863 2809 1112 2894 scripsit
1173 2809 1507 2867 flIccrtinus
1574 2802 1803 2876 Dz'fi’n-

84 2899 260 2956 bach.
321 2896 720 2958 Francofurti
786 2899 970 2960 1685.
1028 2900 1084 2958 4.
1147 2895 1249 2956 Ad
1309 2892 1614 2955 Ladovici
1677 2887 1799 2944 JV.

83 3007 192 3046 seu
234 2987 457 3046 Bavari
513 2988 858 3047 Historiam
903 2986 1050 3051 facit
1093 2984 1402 3070 Apologia
1458 2983 1638 3039 Jocm.
1687 2980 1805 3035 Ge-

85 3098 218 3154 org.
261 3078 591 3137 Hervardi
649 3076 728 3134 ab
755 3077 1150 3155 Holcenbarg
1192 3067 1484 3136 Monachi
1523 3069 1709 3132 1618.
1743 3065 1803 3124 4·

836 3187 980 3227 mm
1008 3168 1042 3226 2
1604 3161 1707 3222 cui
