2097 3726
584 227 644 280 R
689 245 722 278 0
772 242 831 276 m
877 242 918 275 α
964 242 1004 275 Ji
1050 242 1083 277 0
1133 244 1167 276 r
1216 243 1256 277 cc
1306 241 1379 279 m.
1613 219 1728 296 147

106 399 544 484 morphoseoS,
580 397 657 458 de
695 396 925 470 Asino,
975 395 1052 455 de
1090 394 1324 455 mundo
1366 405 1823 454 commentatus

111 505 218 566 est,
277 496 431 549 Item
481 487 619 547 Lib.
672 487 725 545 5.
786 485 862 544 de
914 483 1282 543 habitudine
1330 486 1825 557 Doctrinarum,

113 594 172 639 et
209 581 531 637 nativitate
578 577 895 645 Platonis,
956 571 1031 632 de
1077 573 1211 632 Deo
1253 573 1526 630 Socratis
1572 584 1634 631 et
1679 569 1829 631 Flo-

113 667 300 728 ridae.
374 667 670 722 Claudius
740 665 1011 720 Galenus
1067 658 1354 721 Medicus
1410 657 1675 720 celebris
1736 679 1826 724 10.

115 777 299 840 epera
337 751 546 813 edidit.
595 754 922 809 Lacianus
972 750 1417 810 Samosatensis
1466 747 1624 807 nulli
1681 746 1831 807 reli-

113 846 283 928 gioni
309 840 621 914 addictus,
668 836 856 898 habet
894 835 1174 921 dialogos
1213 837 1543 918 Satyricos.
1585 839 1832 895 Pausa-

112 937 251 990 nias
293 931 699 989 Caesariensis
745 928 1098 987 Historicus
1157 925 1388 986 Libros
1446 944 1540 984 10.
1589 923 1668 986 de
1725 947 1828 984 re—

112 1020 224 1079 bus
262 1018 578 1078 Graeciae.
659 1019 867 1075 Aulus
911 1018 1143 1074 Gellius
1180 1016 1498 1073 Romanus
1526 1060 1540 1089 ,
1603 1027 1827 1072 auctor

112 1108 390 1168 noctium
438 1106 808 1165 Atticarum.
882 1107 1090 1163 Julius
1154 1106 1375 1161 Pollux
1437 1101 1824 1184 Aegyptius,

110 1197 352 1277 scripsit
395 1195 738 1255 Historiam
802 1217 836 1252 a
881 1193 1213 1253 Creatione
1272 1191 1493 1249 mundi
1539 1190 1617 1249 ad
1667 1203 1828 1249 tem-

109 1306 262 1368 pora
302 1287 632 1342 Valentis:
679 1281 925 1364 fuitque
969 1280 1374 1341 Christianus.

286 1371 512 1432 Seculo
583 1372 693 1430 ΙΙΙ.
763 1370 1147 1430 floruerunt:
1236 1370 1330 1427 uti
1389 1368 1826 1425 Philostratus

109 1474 357 1535 orator,
427 1462 674 1542 scripsit
729 1462 925 1517 vitam
977 1461 1302 1535 Apollonii
1355 1458 1612 1532 Tyanei.
1676 1458 1830 1511 Ale-

109 1555 349 1607 ,vander
388 1552 939 1625 AphrodisiensiS,
993 1562 1243 1631 praeter
1280 1544 1398 1602 alia
1442 1564 1637 1626 opera
1673 1544 1829 1601 scri-

113 1641 236 1722 psit
269 1639 788 1697 commentarium
821 1640 882 1694 in
922 1635 1277 1694 Aristotelis
1316 1631 1561 1691 Libros,
1627 1633 1826 1706 Oppi.-

113 1750 271 1784 (mus
321 1725 517 1786 edidit
568 1727 862 1784 Poemata
915 1723 992 1783 de
1056 1737 1285 1784 venatu
1331 1735 1393 1780 et
1436 1720 1827 1803 piscatione,

112 1815 189 1875 de
230 1817 494 1897 aucupio
545 1815 887 1897 perierunt.
940 1816 1209 1870 Serenus
1263 1811 1629 1869 Samonicas
1669 1809 1825 1867 scri-

113 1907 238 1987 psit
277 1917 609 1987 praecepta
670 1900 747 1962 de
798 1899 1108 1962 medicina
1157 1921 1354 1983 parvo
1394 1899 1601 1982 pretio
1646 1917 1832 1980 para-

115 1993 246 2052 hili.
297 1993 608 2050 Aemilius
655 1993 1067 2068 Papinianus,
1117 1991 1286 2048 Juris
1321 1985 1679 2056 consultus5
1725 2005 1832 2044 oc-

118 2084 274 2141 cisus
315 2104 348 2138 a
377 2082 716 2140 Caracalla
745 2124 760 2152 ‚
796 2078 966 2161 quod
1008 2077 1260 2139 caedem
1302 2074 1431 2159 ejus
1454 2075 1663 2135 fratris
1711 2075 1829 2131 Ge-

118 2182 222 2227 tae
266 2190 561 2252 excusare
604 2168 932 2243 noluisset,
980 2167 1246 2250 reliquit
1290 2165 1435 2227 Lib.
1486 2165 1584 2243 57.
1638 2184 1832 2244 quae-

118 2261 405 2317 stionum.
455 2258 680 2317 Libros
741 2277 834 2342 19.
885 2279 1347 2340 responsorum.
1389 2255 1459 2314 L.
1505 2273 1559 2311 2.
1604 2249 1831 2312 defini-

122 2348 402 2414 tionum,
449 2346 588 2406 Lib.
634 2367 686 2403 2.
725 2344 802 2405 de
838 2344 1196 2419 adulteriiS,
1244 2359 1306 2406 et
1341 2343 1577 2403 librum
1615 2340 1694 2401 de
1727 2337 1821 2419 ju-

123 2457 193 2493 re
231 2432 523 2493 aedilitio.
591 2435 723 2490 Dio
770 2437 1027 2492 Cassius
1073 2435 1359 2495 NicenuS.
1421 2432 1665 2512 scripsit
1705 2429 1824 2486 Hi-

120 2524 375 2582 storiam
417 2521 758 2578 Romanam
815 2521 953 2579 Lib.
1003 2526 1099 2581 80.
1147 2526 1211 2581 in
1261 2528 1316 2583 8.
1358 2519 1616 2581 decades
1661 2516 1823 2576 divi-

122 2613 244 2684 εἰς,
330 2609 409 2668 ab
468 2611 686 2666 Aenea
746 2630 944 2690 usque
995 2609 1442 2670 Alexandrum.
1510 2610 1818 2666 slelianus

123 2702 495 2757 Martianus
521 2743 536 2769 ,
584 2695 771 2756 habet
810 2697 944 2755 Lib.
991 2697 1079 2762 16.
1120 2698 1626 2767 Institutionum,
1674 2692 1818 2755 Lib.

127 2790 180 2847 5.
227 2786 626 2869 regularum,
676 2785 812 2845 Lib.
860 2808 909 2844 2.
953 2782 1030 2843 de
1067 2784 1598 2868 appellationibus.
1648 2783 1716 2840 L.
1763 2802 1815 2839 2.

123 2874 200 2936 de
245 2875 508 2960 publicis
549 2873 829 2952 judiciis,
876 2873 954 2933 de
1004 2872 1388 2933 delatoribus
1439 2873 1512 2932 ad
1548 2873 1815 2930 Senatus

121 2965 472 3024 consultum
528 2964 965 3046 Turpilianum
1009 2977 1121 3029 etc,
1182 2966 1479 3022 Claudias
1517 2963 1813 3018 Aelianus

121 3053 308 3113 Italus
366 3054 601 3113 Graece
648 3055 892 3134 scripsit
935 3051 1070 3109 Lib.
1138 3075 1224 3129 ¹7·
1286 3053 1624 3111 Historiam
1677 3050 1808 3106 ani-

928 3139 962 3197 k
996 3146 1026 3200 2
1603 3161 1730 3197 ma-
