2097 3726
529 123 812 178 Romano
868 119 1246 176 Germanici.
1542 118 1576 176 4
1588 116 1624 177 6
1638 134 1664 174 1

49 300 179 372 riS,
243 319 449 379 neque
503 295 766 372 Vasalli3
834 292 1121 375 adeoque
1160 292 1362 352 forma
1409 295 1758 376 Regiminis

51 409 258 470 neque
296 384 729 459 Monarchiea‚
776 405 987 466 neque
1024 382 1502 460 Aristocratica,
1549 407 1761 466 neque

59 478 491 535 Democratica
533 489 657 548 est,
704 487 897 557 prout
933 470 1055 554 jam
1101 475 1539 552 Pufetzclozficcs
1577 478 1639 532 in
1685 477 1762 535 li-

58 565 222 624 bello
261 564 338 624 de
379 567 555 623 Statu
593 565 854 646 Imperii
884 564 1244 623 Germanici
1275 562 1633 624 observavit
1668 566 1764 625 di-

52 676 227 714 cens:
281 656 687 712 Germaniam
724 675 858 710 esse
891 654 1247 729 irregulare
1283 658 1590 729 (scloclclccm
1625 678 1765 713 cor-

2 747 5 838 Ι
41 766 167 820 pecs
192 789 207 818 ,
251 747 417 820 quod
444 749 629 820 lapsa
664 754 1147 818 temporumper
1177 744 1566 817 facilitatem
1607 746 1764 802 Cae·-

55 855 306 906 sarum,
368 834 764 891 mabillonem
809 835 1170 907 Principum
1213 843 1273 888 et
1318 833 1763 893 turbulentiam

55 926 464 980 Sacc-'dotum
527 946 599 980 ex
662 925 881 999 Regno
939 925 1226 998 regulari
1285 925 1350 978 in
1406 933 1540 980 tam,
1600 926 1765 979 made

0 1041 5 1092 ἦ
48 1014 485 1069 concinnatam
509 1016 793 1088 fbf-mam
838 1021 933 1067 est
958 1013 1384 1084 provolutum.
1431 1009 1764 1071 Nihilomi-

0 1094 6 1171 ἕ
46 1122 164 1159 nus
206 1112 413 1161 tamen
461 1101 752 1185 proxime
802 1098 1043 1158 accedit
1091 1098 1167 1158 ad
1201 1113 1463 1179 systema
1501 1100 1759 1184 aliquod

0 1173 539 1288 {Foederatarum
604 1190 979 1262 Civitatum,
1065 1191 1128 1248 in
1191 1211 1319 1272 quo
1378 1211 1538 1250 unus
1601 1204 1759 1249 tam-

47 1301 236 1361 quam
290 1281 440 1339 Dux
502 1279 810 1354 foederis,
891 1277 1190 1359 singulari
1248 1276 1432 1339 titulo
1509 1280 1763 1341 eminet.

44 1369 334 1428 Potentia
382 1368 844 1453 Imperatorum
888 1367 1280 1427 limitabatur
1334 1388 1449 1449 per
1502 1370 1763 1452 Capitu-

44 1456 340 1533 latione5‚
386 1456 554 1540 leges
595 1479 664 1517 ac
701 1455 1216 1531 consvetudine5‚
1267 1456 1418 1517 item
1454 1458 1612 1516 Jura
1654 1478 1764 1516 or-

0 1552 2 1557 ’
45 1545 297 1618 dinum,
367 1569 648 1630 quorum
692 1547 1214 1629 interpretatione
1251 1564 1322 1605 ac
1382 1568 1499 1606 usu
1528 1591 1545 1621 ‚
1609 1568 1763 1628 pro-

44 1636 442 1696 vocationem
497 1634 897 1695 subditorum
949 1631 1027 1691 ad
1065 1635 1393 1695 Caesarem
1453 1634 1763 1719 impedire

47 1735 370 1808 poterant,
443 1747 587 1783 nam
630 1747 819 1808 penes
859 1745 962 1784 eos
1007 1736 1144 1783 erat
1180 1725 1290 1784 Jus
1329 1721 1763 1798 Judiciorum‚

47 1815 86 1872 J
94 1834 161 1872 us
197 1814 553 1874 Territorii.
620 1815 794 1885 Quae
832 1811 973 1897 jura
1014 1812 1378 1897 Principum
1414 1815 1600 1874 etiam
1649 1815 1771 1870 Ca-

3 1957 5 1976 ,
49 1905 173 1960 rolc'
237 1905 356 1961 IV.
423 1902 601 1962 Bulla
667 1924 855 1961 aurea
925 1903 1341 1985 Imperatores
1403 1899 1767 1962 omnimode

0 1992 2 2020 ἱ
50 2013 424 2053 conservare
464 2006 527 2052 et
572 1990 914 2052 observare
974 1989 1292 2072 jubentur.
1339 1990 1507 2053 Ante
1569 1995 1766 2050 Caro—-

49 2086 178 2140 lum
219 2083 295 2138 V.
345 2079 601 2165 quidem
641 2080 888 2139 nullum
931 2082 1250 2164 reperitur
1288 2081 1764 2165 Capitulationis

50 2169 404 2253 exemplar,
488 2192 618 2253 quo
678 2191 757 2230 ex
811 2167 975 2228 facto
1038 2172 1389 2232 necessario
1443 2173 1765 2255 sequitur:

50 2271 234 2317 antea
318 2260 354 2316 J
362 2281 472 2316 ura
532 2259 902 2340 Principum
968 2256 1154 2319 fuisse
1219 2260 1493 2334 incerta,
1574 2272 1769 2344 prout

50 2348 219 2407 enim
261 2344 463 2428 major
500 2345 601 2406 vel
639 2347 848 2404 minor
884 2359 1023 2405 erat
1053 2348 1517 2430 Imperatorum
1549 2362 1771 2408 aucto-

0 2509 2 2522 }
54 2435 239 2508 rita5‚
290 2437 375 2494 ita
416 2456 638 2496 eorum
678 2434 818 2518 jura
852 2431 1092 2516 majora
1128 2446 1238 2492 aut
1272 2436 1519 2496 minora
1548 2448 1764 2510 erant,

0 2527 2 2538 '
52 2545 269 2584 omnes
323 2524 490 2584 enim
543 2538 810 2606 potestas
863 2543 1086 2583 eorum
1142 2522 1589 2586 consvetudine
1635 2548 1765 2583 ma-

54 2613 147 2695 gis
186 2635 376 2695 quam
399 2613 631 2695 scripta
662 2611 796 2694 lege
829 2610 1164 2672 nitebatur.
1214 2612 1558 2696 Imperium
1594 2615 1761 2674 enim

54 2700 208 2761 olim
253 2716 390 2763 erat
422 2699 944 2777 haereditarium3
1008 2697 1153 2762 dein
1193 2697 1288 2784 jus
1335 2701 1655 2762 electionis
1690 2702 1767 2761 ad

57 2811 350 2874 proceres
388 2792 595 2866 venit,
643 2787 721 2848 ad
766 2787 1060 2850 ultimum
1098 2804 1306 2852 autem
1349 2791 1574 2850 Aurea
1604 2793 1770 2848 Bal-

57 2883 124 2937 la
171 2881 384 2937 Caroli
426 2881 546 2938 IV.
599 2878 678 2938 ad
725 2877 887 2938 solos
924 2892 1161 2961 septem
1207 2877 1523 2940 Electores
1569 2892 1773 2939 trans-

55 2966 217 3029 tulit.
265 2969 436 3031 Haec
482 2991 673 3031 aurea
716 2967 894 3029 Bulla
948 2969 1162 3028 Caroli
1202 2969 1321 3028 IV.
1362 2968 1768 3055 Imperatoris

1620 3069 1681 3118 et
