2097 3726
464 43 889 120 Atctc'qaotwn
933 40 1397 95 Germanorwn.
1564 40 1599 98 5
1612 39 1645 97 5
1656 39 1690 97 5

83 231 474 301 occupatam,
523 217 640 277 sibi
681 212 977 296 subjecit:
1029 227 1216 296 atque
1254 212 1368 274 hoc
1411 227 1548 276 erat
1582 214 1781 273 Fran-

80 310 197 367 cici
243 309 419 389 regni
462 308 730 364 initium.
795 305 888 361 Ex
932 302 1161 384 quibus
1193 317 1396 386 patet,
1444 301 1616 386 quod
1653 305 1779 362 Im-

83 397 243 477 perii
283 396 548 454 §Romani
592 391 928 453 occidentis
981 413 1301 451 eversores
1333 393 1629 453 Germani
1669 416 1747 453 ex

80 486 367 544 stiterint.
452 484 546 542 Ex
601 481 776 563 cujus
820 481 1080 564 Imperii
1127 479 1519 540 occidentalis
1563 484 1775 544 cinere

80 571 329 632 condita
377 585 522 631 sunt
572 591 763 651 regna
818 591 1016 644 nova,
1082 570 1174 625 uti
1214 569 1585 641 Germania,
1659 572 1778 629 Hi·-

83 663 328 743 spania,
373 658 791 740 Portugallia,
837 659 1160 719 Britannia
1188 702 1203 731 ,
1250 657 1546 732 Francia,
1593 658 1776 719 Polo-

79 751 221 822 nia,
269 748 626 829 Hungaria,
674 747 1030 818 Moscovia,
1078 745 1325 820 Svetia,
1375 748 1609 820 Dania,
1658 761 1773 808 etc.

79 858 351 919 quorum
383 834 505 894 fata
555 834 910 918 singillatim
951 832 1209 894 inferius
1255 836 1771 917 percensebimns.

254 923 299 1002 ᾗ.
352 926 418 983 5.’
470 927 693 982 Status
742 926 1116 983 Literaram
1159 935 1220 981 et
1260 927 1532 982 Artium.
1619 925 1776 985 Utut

77 1014 257 1073 initio
306 1012 601 1073 Germani
652 1013 839 1073 rudes
881 1027 942 1073 et
975 1010 1052 1071 ad
1096 1026 1259 1072 artes
1308 1013 1503 1097 inepti
1551 1011 1772 1091 fuere,

75 1115 279 1161 tamen
318 1103 653 1163 successive
688 1101 957 1162 studiose
995 1114 1157 1160 artes
1196 1123 1337 1160 cum
1372 1099 1556 1162 laude
1590 1124 1771 1162 exer-

73 1204 376 1266 cuerunt,
446 1189 618 1272 quod
671 1193 874 1274 ipsum
923 1204 1172 1274 praeter
1228 1191 1430 1250 civilis
1496 1190 1774 1272 pruden-

71 1283 196 1339 tiae
226 1282 506 1338 instituta
528 1325 543 1354 ,
575 1282 761 1340 etiam
800 1283 962 1339 ratio
997 1277 1267 1339 bellandi
1300 1280 1377 1338 ab
1413 1281 1559 1362 ipsis
1586 1301 1769 1362 prae-

71 1370 339 1450 scripta,
407 1371 499 1426 uti
559 1382 620 1426 et
672 1369 1088 1428 Comitiorum
1138 1367 1478 1428 celebratio
1522 1367 1768 1450 probat.

72 1457 337 1516 Illorum
395 1455 816 1538 agricultura,
903 1455 1139 1530 mulsa,
1205 1479 1394 1538 quam
1462 1459 1771 1514 medonem

71 1544 418 1620 vocabant,
480 1559 541 1605 et
577 1546 904 1619 cerevisia,
950 1543 1072 1627 jam
1114 1543 1193 1602 ab
1233 1547 1490 1627 antiquo
1534 1566 1770 1604 memo-

70 1635 164 1692 ria
210 1633 624 1694 celebrantur.
690 1635 855 1692 Loca
911 1631 1250 1715 quaedam,
1315 1648 1483 1694 terra
1532 1633 1614 1691 ita
1653 1656 1769 1715 pu-

69 1745 139 1781 ra
194 1743 263 1780 ac
312 1721 672 1806 splendente
729 1720 1035 1781 illiniendi
1089 1723 1284 1793 ratiO,
1331 1736 1404 1780 ut
1455 1723 1767 1804 picturam

70 1832 140 1870 ac
203 1810 563 1872 liniamenta
627 1809 909 1870 colorum
956 1811 1271 1882 imitetur,
1358 1808 1597 1869 dudum
1642 1812 1770 1869 usi-

66 1913 191 1959 tata
228 1901 445 1960 sensim
497 1897 846 1975 intercidit,
911 1898 996 1959 ob
1031 1899 1446 1959 barbararum
1485 1901 1766 1981 gentium

68 1991 487 2064 incursioneS,
553 1990 1004 2070 continuasque
1044 1990 1326 2072 ipsorum
1366 1987 1768 2071 demigratio-

66 2099 210 2153 neS,
273 2078 506 2160 quibus
547 2079 746 2138 omnis
784 2077 1068 2138 doctrina
1102 2091 1166 2138 et
1204 2075 1475 2139 eruditio
1506 2092 1769 2137 natura-

63 2166 209 2226 liter
267 2167 656 2251 profligatur.
728 2169 986 2227 Interim
1028 2181 1236 2228 tamen
1296 2166 1762 2227 Germanorum

66 2254 373 2316 culturam
434 2255 662 2338 probat
734 2258 924 2315 etiam
982 2277 1126 2315 usus
1199 2256 1764 2330 commerciorum,

67 2344 203 2404 auri
250 2355 311 2403 et
350 2345 589 2425 argenti
624 2344 962 2403 aestimatio
1005 2366 1133 2425 quo
1177 2343 1257 2402 ad
1290 2342 1522 2403 formas
1574 2366 1765 2426 pecu-

66 2435 239 2506 niae,
291 2445 364 2491 ut
407 2435 661 2490 Tacitus
694 2431 903 2492 refert.
962 2430 1180 2514 Auget
1206 2433 1397 2491 animi
1431 2431 1765 2492 candorem

68 2523 203 2604 ipso
222 2543 366 2579 rum
410 2519 847 2602 Hospitalita83
885 2533 948 2580 et
985 2521 1187 2602 proba
1218 2521 1568 2595 moralitas,
1613 2543 1764 2604 pro·

66 2623 138 2671 ut
184 2608 348 2670 idem
408 2613 663 2668 Tacitus
713 2621 1002 2669 testatur:
1050 2611 1251 2670 Nemo
1288 2607 1458 2691 apud
1501 2610 1763 2670 Germa-

66 2721 178 2760 nos
218 2700 364 2759 vitia
414 2698 616 2771 ridet,
684 2719 799 2759 nec
852 2720 1263 2780 corrumpere
1308 2718 1422 2756 nec
1475 2718 1764 2759 corrum-

67 2790 178 2870 pi,
222 2787 496 2848 seculum
551 2801 844 2860 vocatur,
892 2786 1167 2869 plusque
1216 2786 1304 2846 ibi
1351 2784 1501 2846 boni
1553 2807 1762 2846 mores

64 2876 311 2954 valent,
348 2901 538 2962 quam
582 2876 734 2937 alibi
799 2875 1000 2937 bonae
1031 2875 1208 2959 legeS.
1609 2963 1647 3025 A

901 2987 931 3022 z
1521 2967 1568 3024 C
1595 3006 1614 3025 L
1654 3005 1680 3013 -
