2097 3726
302 158 423 218 548
765 155 1379 214 Histori.a

212 332 282 408 a)
317 341 596 400 noverat.
656 330 916 392 thibas
959 344 1166 392 autem
1208 329 1560 417 profitetur.
1610 333 1693 414 b)
1746 336 1904 393 Ger-

201 421 450 479 maniae
505 419 869 479 vocabalum
907 443 1119 480 recens
1165 445 1330 494 esse,
1360 434 1421 479 eb
1468 445 1667 499 nuper
1721 427 1906 483 audi-

203 519 370 580 tam,
417 512 709 585 quoniam
774 515 885 588 qai
915 513 1121 587 primi
1176 513 1463 571 Rhenum
1518 516 1907 589 transgressi

209 598 420 662 Gallos
443 599 832 672 expulerant,
848 599 1009 673 almo
1036 603 1278 679 Tungri
1298 624 1458 675 (zanc-
1482 603 1779 670 Germani
1801 624 1910 658 vo-

205 687 341 741 cati
363 686 645 759 fuerint,
668 689 762 745 ita
788 692 1065 754 nationis
1081 710 1313 763 nomen,
1337 712 1454 765 non
1467 693 1676 768 genbis
1698 695 1909 762 evalu-

209 776 333 830 isse
379 777 741 850 paulatim,
786 788 860 835 1,ιὲ
908 800 1111 846 omnes
1130 781 1413 855 primam
1468 802 1507 836 a
1560 781 1794 836 victore
1841 779 1912 846 ob

201 873 464 936 metam,
510 885 650 932 mox
692 886 734 920 a
767 868 1006 941 seipsis
1047 863 1291 926 invento
1323 871 1560 926 nomiae
1609 869 1905 943 Germani

198 963 610 1026 vocarentur,
659 952 966 1036 imprimis
997 977 1031 1012 a
1065 954 1268 1015 studio
1308 955 1498 1030 belli,
1538 955 1702 1040 apud
1741 978 1903 1037 quos

197 1037 433 1121 pedites
472 1042 666 1123 magis
694 1041 1218 1117 celebrabantur,
1265 1066 1406 1103 cum
1442 1046 1644 1105 autem
1684 1069 1717 1103 a
1760 1045 1903 1103 Gal-

197 1126 272 1186 lis
327 1142 389 1188 et
429 1131 728 1190 Romanis
782 1151 963 1213 saepe
999 1132 1493 1215 irrumpentibus
1523 1132 1900 1193 detrimenta

198 1217 548 1300 acciperent
571 1263 586 1290 ,
612 1217 688 1276 ad
725 1240 944 1280 eorum
981 1220 1282 1303 impetum
1319 1221 1749 1281 sustinendum
1789 1223 1911 1281 im-

205 1308 443 1386 parati3
483 1306 621 1367 ideo
673 1305 751 1365 ad
808 1307 1260 1368 contrahendas
1310 1311 1557 1392 copiam,
1620 1310 1899 1392 peculia-

197 1414 424 1475 resque
466 1395 738 1457 delectus
784 1398 947 1457 inter
985 1419 1049 1458 se
1099 1396 1445 1473 faciendos,
1474 1400 1735 1474 foedas,
1779 1401 1905 1456 ini-

199 1497 470 1557 verunt,
532 1486 701 1567 quod
762 1509 984 1547 eorum
1040 1487 1350 1546 vocabulo
1409 1491 1655 1546 matzire
1729 1487 1909 1546 dice-

202 1569 426 1644 batur,
471 1588 660 1654 prout
715 1587 776 1633 et
834 1576 1113 1656 ipsorum
1167 1574 1488 1659 expeditio
1543 1579 1933 1639 mannitionis

210 1680 438 1716 nomen
490 1659 737 1736 habuit3
791 1661 934 1720 hinc
985 1664 1286 1722 Germani
1345 1663 1515 1747 quod
1568 1665 1639 1725 ad
1677 1679 1905 1724 statum

201 1746 351 1806 belli
401 1749 464 1804 in
521 1752 821 1808 lllatmias
874 1764 1053 1811 erant
1114 1751 1333 1826 divisi,
1394 1776 1551 1834 quae
1602 1758 1911 1812 Memmiae

206 1833 418 1915 plures
461 1837 537 1895 ad
575 1837 806 1900 bellum
849 1842 1288 1900 convenientes
1350 1844 1701 1899 Herematzi
1745 1841 1911 1900 dice-

204 1922 463 1984 bantur:
513 1926 670 1985 idest
714 1930 779 1985 ia
820 1931 1014 1985 aciem
1057 1933 1440 2010 conspirati,
1484 1953 1612 2012 quo
1651 1931 1909 1989 nomine

203 2011 590 2093 probabilius
634 2016 932 2088 Romanis
968 2017 1377 2076 innotuerunt
1429 2032 1741 2100 tamquam
1783 2019 1909 2092 viri

202 2101 357 2159 belli.
450 2103 733 2174 Quorum
779 2109 1111 2183 pugnandi
1158 2111 1372 2165 modas
1420 2129 1682 2188 sequens
1733 2118 1905 2166 erat:

204 2187 280 2266 ο)
337 2189 582 2250 Pedites
648 2214 725 2251 ex
791 2194 961 2253 omni
1018 2191 1347 2275 juventute
1409 2194 1679 2255 delectos
1763 2207 1908 2254 ante

206 2278 399 2353 aciem
473 2278 717 2354 locant,
774 2282 933 2341 acies
998 2303 1113 2364 per
1173 2303 1401 2343 cuneos
1465 2294 1907 2364 componunt3

203 2385 470 2447 corpora
502 2389 756 2427 suorum
794 2372 980 2430 etiam
1000 2371 1059 2429 in
1102 2369 1304 2430 dubiis
1327 2371 1575 2454 praeliis
1605 2370 1906 2431 referunt.

209 2453 470 2513 Scutum
537 2458 857 2540 reliquisse
891 2460 1301 2541 pcaecipuum
1368 2458 1725 2542 flagitium:
1791 2479 1907 2518 nec

211 2544 398 2615 sacris
455 2543 695 2620 adesse,
753 2561 859 2606 aut
912 2547 1250 2607 concilium
1312 2550 1474 2608 inire
1527 2549 1907 2630 ignominio-

214 2650 282 2691 so
333 2629 421 2704 fas
469 2647 601 2711 est,
655 2635 960 2720 multique
1009 2639 1369 2737 superstites
1424 2635 1771 2709 bellorum,
1811 2637 1906 2695 in-

1639 2724 1817 2785 fami-

277 2933 350 2995 a)
390 2931 596 2984 Caesar.
635 2931 700 2983 de
743 2931 898 2985 besl]-
939 2933 1068 2991 G.ll.
1106 2934 1169 2989 L.
1208 2933 1259 2986 6.
1311 2928 1377 3002 b)
1432 2930 1606 2985 Tacit.
1651 2932 1717 2985 de
1744 2953 1900 2992 mor,

345 3001 537 3059 Germ.
575 3021 625 3057 c.
662 3001 714 3058 2.
765 3003 831 3076 c)
870 3003 1049 3057 Tacit.
1089 3024 1134 3057 c.
1175 3003 1226 3061 6.
1265 3001 1569 3056 Cluverius,
1607 3002 1674 3056 de
1711 3005 1898 3062 Germ.

346 3072 519 3142 antiq.
567 3073 627 3124 L.
668 3072 716 3129 1.
751 3091 797 3126 c.
835 3074 916 3128 12.
945 3105 1013 3115 -—
1047 3074 1138 3133 53.
