2097 3726
389 219 422 255 2
434 198 508 256 48
812 197 1110 255 Historia
1172 199 1514 255 Slavorum.

246 412 256 419 -
286 372 392 432 des
430 381 776 455 posuerunt
816 371 1044 430 Sor-abi
1066 417 1082 447 ,
1120 384 1182 433 et
1223 394 1256 429 a
1293 382 1470 452 tergo
1505 371 1765 433 istorum
1802 375 1992 449 Vilsz}

287 462 648 520 Pannoniae
668 480 825 519 vero
845 473 1088 544 partem
1119 461 1390 519 Obotritc'
1410 458 1805 537 obsederunt3
1830 485 1991 545 quo-

286 570 429 606 rum
471 547 718 608 auxiliis
744 550 1009 608 Carolus
1032 550 1121 606 M.
1143 562 1360 606 contra
1383 547 1652 609 Saxones
1678 570 1820 608 usus
1844 563 1991 611 erat.

283 637 485 696 Porro
520 658 554 694 a
599 634 961 727 lgprealibus
1000 636 1117 696 illis
1152 635 1388 709 Slavis,
1438 638 1707 695 Croatae
1749 649 1810 697 et
1848 641 1996 697 Ser-

281 726 372 783 viz·
414 725 480 782 in
516 724 929 799 Dalmatiam,
977 727 1281 784 Heraclio
1323 727 1669 807 imperante
1701 727 1865 785 circa
1896 750 1994 788 an.

282 811 427 871 610.
480 848 567 858 —-
612 812 758 874 641.
804 827 1136 874 venerunt.
1229 811 1513 894 Antiqua
1569 815 1736 872 enim
1787 816 1994 875 Patria

281 900 657 961 Croatarum
685 915 838 963 teste
869 903 1274 961 Constantino
1299 903 1842 979 Porphyrogenito
1861 918 1996 965 erat

280 988 508 1070 Magna
549 990 659 1050 seu
692 989 838 1050 Alta
885 992 1187 1049 Orobatia
1212 988 1301 1047 ub
1342 992 1568 1047 Ottone
1611 992 1693 1049 M.
1738 991 1992 1052 subacta

278 1090 342 1136 et
398 1078 691 1161 baptismi
750 1099 1012 1160 experS,
1075 1080 1189 1136 sita
1232 1075 1310 1134 ad
1361 1076 1516 1138 fines
1577 1078 1989 1154 Germaniae,

279 1164 444 1223 ultra
486 1169 782 1227 Turciam
828 1187 938 1226 seu
997 1166 1421 1246 Hungariam,
1485 1180 1547 1225 et
1588 1188 1621 1224 a
1667 1190 1840 1228 mare
1879 1169 1992 1228 Ni-

273 1278 390 1337 gro
443 1258 541 1315 50.
588 1254 842 1315 dierum
883 1251 1205 1336 sejuncta3
1253 1274 1380 1334 qua
1427 1254 1839 1337 geographica
1880 1254 1990 1316 de-

273 1346 619 1425 scriptione
657 1341 983 1404 manifeste
1038 1340 1332 1401 Bohemia
1366 1361 1508 1399 cum
1551 1346 1770 1403 vicinis
1803 1343 1989 1404 Polo-

275 1435 418 1493 niae
464 1432 654 1514 plagis
702 1431 1076 1513 designatur.
1126 1427 1313 1489 Unde
1354 1451 1495 1512 pars
1528 1429 1832 1512 quaedam
1874 1455 1989 1515 po-

275 1520 450 1604 puli,
498 1525 602 1579 cui
645 1522 928 1603 quinque
967 1516 1190 1578 fratres
1229 1532 1292 1577 et
1329 1516 1489 1578 duae
1527 1540 1773 1579 sorores
1809 1543 1990 1604 prae-

272 1622 486 1679 erant,
533 1630 610 1667 ex
638 1611 865 1689 ignotis
906 1609 1103 1665 causis
1139 1627 1457 1687 eggressa,
1508 1611 1800 1666 Heraclii
1826 1609 1982 1692 Imp.

275 1695 522 1757 indultu
574 1696 946 1755 Dalmatiam
992 1696 1293 1768 intravit,
1342 1707 1404 1754 et
1439 1696 1761 1778 prioribus
1815 1717 1993 1757 acco-

274 1790 349 1851 lis
387 1781 530 1845 inde
569 1783 756 1867 pulsis
795 1797 900 1841 aut
946 1781 1250 1854 subactiS,
1297 1779 1638 1844 hodiernae
1692 1787 1990 1843 Croatz'ae

262 1876 676 1953 ⁴fundamenta
715 1869 875 1953 jecit.
916 1906 1000 1919 --
1046 1872 1287 1944 Servii,
1354 1872 1465 1952 qui
1503 1891 1566 1930 se
1618 1873 1779 1954 ipsos
1836 1875 1987 1930 Ser-

271 1971 399 2028 blos
442 1974 668 2022 vocant
707 1981 740 2016 a
783 1959 1016 2017 Serblis
1067 1959 1227 2016 albis
1280 1968 1349 2015 ut
1398 1960 1984 2037 porphyrogenitus

271 2054 495 2126 tradit,
565 2048 656 2125 a)
706 2045 959 2106 oriundi
999 2058 1142 2105 sunt
1205 2067 1281 2105 ex
1352 2047 1561 2104 vicina
1613 2047 1983 2110 Germaniae

273 2162 337 2211 et
379 2135 712 2203 Crobatiae
751 2136 1013 2217 Magnae
1058 2148 1226 2195 terra
1266 2155 1457 2216 quam
1498 2136 1563 2193 in
1597 2134 1824 2194 Misnia
1871 2135 1983 2197 ho-

273 2239 491 2298 dierna
535 2239 596 2285 et
640 2225 886 2284 Lusatia
927 2219 1345 2283 collocandam
1397 2224 1548 2282 situs
1595 2234 1656 2282 et
1705 2222 1982 2306 ejusdem

273 2319 546 2386 nominis
587 2312 820 2373 incolae
868 2313 1203 2394 regionum
1254 2331 1470 2371 earum
1521 2309 1810 2372 indicant.
1857 2314 1981 2372 Hic

274 2408 704 2487 Principatum
731 2399 855 2460 duo
888 2398 1110 2467 fratres
1143 2397 1470 2474 tenebant,
1506 2420 1778 2482 quorum
1816 2423 1978 2462 unus

275 2495 544 2562 mediam
579 2488 801 2573 populi
829 2502 1070 2572 partem
1109 2486 1293 2548 domo
1332 2485 1631 2560 educens,
1680 2488 1758 2546 ab
1795 2491 1982 2547 Hae·
2019 2498 2022 2499 ’

272 2589 471 2650 raclio
527 2578 682 2662 Imp.
724 2591 958 2638 terram
1007 2577 1125 2636 sibi
1176 2590 1241 2637 et
1284 2578 1410 2636 suis
1462 2574 1595 2636 dari
1652 2578 1865 2660 petiit,
1913 2590 1976 2637 et

1701 2666 1888 2724 etiam

282 2757 600 2784 ..-.----·-

343 2851 413 2913 a)
455 2841 649 2923 iehan.
689 2835 950 2918 Gotthilf.
981 2836 1226 2890 Stritter.
1268 2835 1565 2915 Memoriae
1599 2835 1970 2906 populorum,

413 2916 547 3036 32¹3
591 2909 1325 3032 ffessssizffifflffiaffssffissff
1368 2907 1685 3031 ³Er¹3xffimss1¹5
1725 2907 1974 3035 affl:

416 3050 668 3107 ServiciS.
708 3057 815 3106 etc.
