2097 3726
554 103 834 157 Romano
892 97 1278 152 Graecczm'ci,
1437 119 1439 121 ·
1553 94 1675 154 305

274 278 661 352 Niccsshoras
736 295 829 331 an.
909 274 1049 329 820.
1118 271 1379 351 imperio
1458 283 1710 351 arrepto
1755 316 1769 342 ,

79 367 448 423 Bc‘crdanem
511 376 843 444 tyrannum
901 379 1267 440 oppressum
1317 355 1510 418 oculis
1563 359 1769 442 priva-—

79 456 202 528 vit,
255 451 555 511 Gallicam
598 450 968 530 legationem
1009 444 1348 506 honorifice
1408 460 1771 528 exceptam,

77 540 418 623 adjungens
491 540 547 597 ei
601 557 742 596 suos
795 539 1030 622 legotos
1108 537 1170 591 in
1238 533 1620 595 occidentem
1672 557 1771 595 re-

74 631 283 702 misit,
331 641 394 689 et
437 628 680 686 ratione
740 629 1157 688 terminorum
1204 621 1409 683 ltaliae
1445 666 1462 697 ,
1520 644 1769 683 omnem

74 715 583 776 jurisdictionem
626 714 849 776 Carolo
895 716 980 775 M.
1033 712 1243 782 cessit,
1285 709 1398 771 hac
1464 708 1768 770 clausula:

74 819 147 863 ut
204 801 697 887 Imperatoribus
762 804 1023 865 orientis
1070 799 1272 860 solum
1346 820 1609 883 regnum
1674 799 1770 858 Si1

72 893 245 951 ciliae
291 904 353 951 et
395 890 687 973 Neapolis
734 901 1106 955 remaneret.
1200 887 1259 945 A
1309 911 1439 970 quo
1486 899 1772 970 tempore

72 980 200 1039 duo
254 982 669 1062 Imperatores
727 1005 854 1043 esse
906 988 1281 1060 coeperunt,
1343 979 1406 1036 in
1452 974 1772 1035 occidente

77 1072 340 1126 Carolus
405 1069 491 1127 M.
551 1065 813 1156 ejusque
885 1086 1306 1138 successoreS,
1370 1062 1491 1145 (de
1540 1064 1770 1144 quibus

71 1156 231 1215 infra
272 1155 387 1215 sub
423 1156 702 1239 Imperio
746 1158 1124 1218 Germanico
1161 1153 1341 1235 plura
1381 1149 1774 1230 videbimus.)

73 1247 145 1303 In
191 1246 435 1304 oriente
490 1259 702 1307 autem
761 1247 1161 1321 Neceplzorzcs
1225 1239 1293 1319 a)
1360 1241 1474 1323 qui
1521 1262 1554 1298 a
1594 1239 1772 1298 Sara-

68 1336 235 1394 cenis
285 1345 347 1393 et
389 1333 675 1415 Bulgaris
734 1355 990 1418 magnas
1044 1332 1276 1413 accepit
1323 1326 1524 1389 clades
1556 1374 1576 1403 ,
1643 1330 1768 1386 imo

66 1443 216 1482 cum
247 1443 478 1480 novam
518 1425 986 1509 expeditionem
1033 1434 1253 1481 contra
1286 1416 1591 1498 Bulgaros
1640 1429 1776 1474 ten-

69 1523 285 1581 tasset,
317 1509 396 1568 ab
436 1511 507 1569 iis
553 1529 771 1597 captus
804 1526 867 1572 et
911 1531 1059 1568 cum
1093 1507 1262 1567 omni
1298 1504 1627 1587 nobilitate
1668 1501 1775 1562 de-

66 1601 370 1682 capitatus
418 1613 542 1674 est,
591 1600 766 1684 cujus
831 1599 1117 1658 cranium
1166 1614 1286 1677 pro
1346 1593 1537 1652 calice
1584 1611 1770 1650 usur-

66 1689 242 1770 pavit
298 1686 716 1767 Bulgarorum
774 1709 891 1748 rex
962 1687 1294 1755 Gramma-9,
1362 1703 1441 1743 ex
1490 1700 1617 1764 quo
1676 1681 1774 1737 vi-

68 1798 218 1837 num
265 1774 581 1839 sodalibus
630 1778 971 1860 propinare
1021 1771 1274 1833 solebat.

240 1865 522 1924 Michael
605 1868 1021 1941 Caropalates
1084 1885 1177 1920 an.
1249 1859 1395 1920 811.
1465 1876 1543 1916 ex
1603 1853 1777 1914 aulae

66 1950 390 2013 Praefecto
432 1970 573 2036 post
605 1953 857 2016 caedem
900 1952 1247 2027 Nicephori
1292 1952 1647 2029 Imperator
1681 1966 1777 2004 sa·-

64 2041 297 2101 lutatus
342 2085 359 2116 ,
419 2064 636 2124 pacem
712 2066 856 2102 cum
939 2043 1167 2099 Carolo
1233 2039 1326 2096 M.
1393 2035 1778 2108 renovavit,

68 2126 564 2191 Iconomachiam
619 2134 972 2214 exstirpare
1018 2129 1237 2188 volens
1287 2128 1352 2182 in
1391 2121 1602 2183 odium
1644 2121 1777 2204 ple-

66 2214 163 2275 his
212 2216 465 2292 incidit,
511 2220 762 2280 demum
824 2230 1045 2279 contra
1085 2215 1388 2296 Bulgaros
1437 2210 1777 2271 infeliciter

65 2326 351 2386 pugnans
368 2352 386 2379 ,
439 2308 671 2368 Milites
731 2304 1088 2366 deficientes
1134 2327 1284 2364 mox
1319 2304 1592 2361 Leonem
1643 2300 1777 2357 Ar-

65 2395 332 2451 meniam
404 2394 867 2477 Imperatorem
944 2391 1418 2475 proclamarunt
1448 2433 1465 2462 ,
1528 2386 1591 2466 ὂ)
1663 2387 1776 2469 qui

68 2495 141 2540 ut
176 2480 585 2543 rebellionem
615 2486 680 2542 in
733 2482 1106 2554 audivisset,
1155 2491 1375 2564 sponte
1421 2475 1767 2560 Imperium

67 2573 269 2628 Leoni
337 2569 558 2632 cedens
590 2618 608 2648 ,
673 2574 803 2654 ipse
862 2572 926 2629 in
995 2571 1443 2630 monasterium
1527 2565 1770 2623 secessit

68 2680 163 2716 an.
216 2664 249 2719 8
267 2679 291 2718 1
308 2662 361 2720 5.

1032 2767 1076 2802 u
1547 2742 1680 2800 Leo

144 2942 215 3004 a)
253 2938 482 2995 Cedren.
517 2940 775 2993 Zonaras,
811 2937 950 2994 ibid.
985 2933 1213 2988 Miscell.
1255 2934 1325 2989 L.
1362 2930 1448 2986 23.
1488 2941 1540 2984 et
1577 2929 1664 2990 24.
1699 2930 1771 3004 b)

216 3010 369 3062 Joan.
408 3010 682 3082 Scylizes‚
719 3012 980 3064 Zonaras·
