2097 3726
545 171 850 229 Ilistoria
881 168 1272 227 limenorum.
1551 186 1584 231 2
1596 188 1626 225 2
1639 188 1671 244 7

72 334 334 394 stabilita
371 346 475 394 est.
542 335 781 395 Verum
828 332 974 404 istO,
1038 329 1308 414 filiisque
1346 330 1474 414 ejus
1511 330 1760 391 demor-

76 428 230 497 tuiS,
294 424 499 480 minus
544 419 806 480 feliciter
849 440 987 478 cum
1036 419 1396 479 Sinensibus
1434 420 1590 479 bella
1630 439 1765 500 ges-

72 525 319 585 serunt,
366 532 507 568 nam
548 507 919 568 defectiones
954 510 1456 589 provinciarum,
1506 523 1568 567 et
1607 510 1764 567 inte·-

72 603 264 658 stinae
306 601 666 680 Principum
698 599 965 677 regnatis
999 596 1266 656 familiae
1324 596 1762 669 dissensione8‚

71 692 155 747 Pe
204 686 452 769 quidam
498 706 637 742 cum
679 682 929 742 australi
968 683 1365 766 popularium
1407 698 1579 767 parte
1607 728 1623 755 ‚
1671 683 1769 742 Si-

72 778 357 836 nensium
412 773 597 831 cliens
657 771 795 832 fieri
849 793 970 830 non
1026 772 1433 847 erubescens,
1499 776 1662 832 vires
1703 785 1768 833 et

72 865 408 946 potentiam
464 861 841 920 Hunnorum
882 881 1259 943 magnopere
1299 859 1765 920 labefactarunt.

72 954 218 1012 Pars
255 949 366 1007 alia
407 949 624 1008 Gentis
660 948 733 1007 ad
776 949 1041 1008 Boream
1080 948 1319 1023 libera,
1368 971 1563 1033 aeque
1607 973 1640 1008 a
1669 949 1767 1008 Si-

69 1038 358 1114 nensibus
397 1051 651 1110 vexata,
722 1037 967 1096 tandam
1005 1060 1099 1095 an.
1145 1037 1250 1097 Ch.
1300 1039 1400 1120 95.
1442 1040 1767 1098 commisso

71 1127 400 1187 infeliciter
441 1124 793 1186 decretorio
840 1125 1112 1208 proeli0,
1183 1147 1313 1207 quo
1361 1139 1422 1186 et
1456 1129 1583 1209 ipse
1645 1130 1769 1184 Τα-

68 1219 178 1272 nia
237 1212 574 1289 ceciderat,
644 1215 971 1274 consilium
1021 1216 1258 1296 patriae
1317 1213 1768 1296 relinquendae

71 1325 346 1363 occasum
399 1325 613 1363 versus
664 1306 944 1385 suscepit.
1014 1302 1099 1380 α)
1163 1303 1445 1385 Collapso
1487 1302 1650 1362 hunc
1701 1304 1767 1362 in

68 1391 321 1451 modurn
385 1393 767 1452 Hunnorum
820 1392 1095 1451 Asiatico
1149 1393 1465 1475 Imperio,
1533 1391 1635 1450 alii
1690 1388 1768 1450 ad.

78 1485 276 1540 Onam
314 1480 573 1539 fluvium
616 1483 1143 1562 commigrarunt,
1209 1482 1314 1539 ubi
1352 1483 1578 1538 Hanni
1620 1480 1772 1539 Albi

69 1584 280 1650 postea
334 1592 484 1630 vero
526 1593 558 1626 a
598 1569 943 1649 Byzantinis
994 1569 1369 1626 Eutlzczlc‘tae
1406 1580 1550 1626 sunt
1587 1589 1772 1626 voca-

72 1659 156 1733 115
226 1657 324 1715 alii
366 1658 748 1716 Basckiriam
794 1653 1155 1715 insederunt
1199 1678 1387 1737 supra
1436 1677 1607 1716 mare
1655 1656 1771 1714 Ca-

67 1747 268 1827 spium
309 1744 384 1803 ad
425 1745 659 1805 fontem
704 1744 882 1802 fluvii
938 1747 1109 1802 Ural.
1162 1742 1346 1804 Unde
1383 1742 1532 1803 dum
1579 1766 1641 1805 se
1677 1765 1775 1804 sa·

68 1836 145 1892 tis
201 1832 588 1907 refecissent,
656 1831 891 1891 Sinicas
948 1833 1303 1916 provincias
1347 1835 1665 1893 incursare
1708 1846 1774 1894 et

71 1921 347 2005 diripere
385 1920 548 1980 haud
585 1935 899 1981 cessarunt
923 1965 939 1995 ,
1002 1919 1199 1981 donec
1234 1920 1640 1984 intermediae
1671 1944 1774 1982 re·-

69 2012 283 2093 giones
324 2033 417 2068 311.
465 2008 572 2070 Ch.
630 2011 767 2069 151.
810 2008 1202 2069 Australium
1247 2009 1632 2070 Hunnorum
1669 2014 1778 2070 oc·-

70 2113 465 2180 cuparentur.
531 2100 700 2158 Haec
743 2101 914 2157 natio
965 2097 1110 2158 dein
1161 2097 1272 2157 ubi
1314 2101 1478 2159 circa
1515 2122 1610 2158 an.
1661 2099 1772 2160 Ch.

75 2187 218 2245 518.
267 2209 301 2245 a
364 2185 818 2271 Topajensibus
872 2187 1153 2246 Tartaris
1210 2188 1474 2247 nimium
1528 2210 1778 2272 preme-

73 2285 286 2348 retur,
333 2273 502 2334 sedes
547 2297 681 2334 suas
723 2288 968 2335 mutare
1010 2289 1072 2336 et
1110 2277 1175 2333 in
1219 2277 1540 2360 Europam
1577 2291 1776 2338 trans-

73 2360 250 2444 gredi
293 2364 506 2420 statuit
531 2406 545 2435 ,
604 2377 676 2421 ut
711 2365 1129 2442 Digvinesias
1166 2366 1479 2448 opinatur.

250 2450 545 2509 Ceterum
598 2449 908 2532 quidquid
960 2472 1176 2512 causae
1243 2451 1470 2526 fuerit,
1553 2453 1775 2514 Hunni

76 2552 336 2619 repente
389 2551 553 2596 terra
604 2560 744 2610 sua,
813 2561 1006 2620 quam
1061 2552 1231 2599 trans
1282 2541 1550 2624 Volgam
1588 2551 1776 2604 'tenu-

77 2640 288 2698 erant,
324 2627 613 2710 eggressi,
638 2640 700 2687 et
735 2649 768 2684 a
797 2626 1002 2687 Cervo
1022 2628 1096 2708 b)
1130 2650 1244 2712 per
1275 2629 1568 2712 paludem
1599 2632 1779 2692 Meo-

890 2739 932 2800 p
963 2721 998 2777 2
1490 2717 1692 2780 tidem

148 2890 221 2950 a)
262 2887 418 2957 Pray.
457 2887 594 2936 Ann.
623 2884 686 2939 P.
721 2884 760 2935 Ι.
788 2886 848 2939 L.
884 2884 932 2939 1.
969 2905 1019 2957 p.
1058 2884 1146 2941 58.
1179 2883 1247 2958 b)
1276 2886 1642 2940 Jornand.‘de
1669 2891 1779 2944 mi-

219 2976 278 3009 ra
324 2960 647 3008 Hunnorum
684 2957 892 3026 origine
932 2967 989 3010 et
1022 2974 1311 3026 progressu
1356 2958 1414 3010 in
1454 2959 1568 3010 reb.
1606 2961 1777 3015 Goth,

219 3048 263 3078 c.
296 3026 376 3077 24.
412 3026 687 3080 Arnmian.
723 3027 966 3082 Marcell.
1006 3028 1068 3080 L.
1105 3025 1189 3080 31.
1222 3047 1267 3081 c.
1299 3026 1351 3085 1.
1387 3028 1577 3082 Frane.
1612 3032 1780 3084 Otro-

224 3098 373 3149 kocsi
404 3098 471 3148 de
505 3099 645 3166 orig.
684 3098 866 3168 Huug.
904 3100 959 3152 P.
994 3099 1031 3151 Ι.
1085 3116 1132 3152 c.
1163 3096 1214 3151 3.
