2097 3726
383 205 505 264 150
829 201 1437 257 Historia

275 379 518 454 picenus
561 396 715 435 vero
754 375 1059 435 Praetorii
1098 372 1488 448 Praefectus,
1535 373 1790 433 militari
1829 373 1990 435 sedi—

293 467 461 524 tione
503 462 853 522 trucidatus
893 478 998 524 est.
1047 466 1132 544 a)
1182 467 1327 524 Post
1369 465 1603 545 optime
1641 463 1991 523 ordinatam

292 552 786 634 rempublicam,
816 556 1177 612 Alexander·
1219 553 1465 634 egregia
1513 551 1833 635 disciplina
1878 555 1995 611 mi-

291 641 452 699 litari
496 643 868 714 instaurata,
918 641 1381 723 expeditionem
1423 656 1638 699 contra
1676 646 1996 699 Artaxer-

294 752 434 788 xem
469 730 801 789 Persarum
828 751 1038 811 regem
1078 730 1438 806 adornavit,
1470 732 1542 809 h)
1583 727 1658 788 de
1694 752 1820 811 quo
1849 731 1998 788 insi-

293 840 477 901 gnem
502 820 832 878 victoriam
867 834 1192 900 reportans
1215 863 1230 892 ,
1267 821 1449 878 etiam
1483 820 1998 900 Mesopotamiam

294 906 374 966 ab
414 907 831 986 Heliogabalo
856 904 1165 989 perditam
1192 909 1648 989 recupueravit.
1697 905 1817 965 Sed
1855 927 1998 964 ver-

292 997 372 1057 sis
419 996 483 1052 in
530 996 928 1055 Germaniam
968 999 1192 1070 armis,
1240 1018 1354 1077 per
1391 995 1758 1054 seditionem
1802 993 1996 1050 Galli-

296 1106 510 1145 carum
571 1085 950 1166 Legionum,
1012 1104 1291 1144 severam
1345 1081 1729 1165 disciplinam
1791 1104 2000 1164 asper-

298 1174 622 1246 nantium,
709 1173 1100 1230 flffaximinus
1177 1172 1527 1253 Imperator
1610 1174 2000 1242 nominatur,

300 1262 408 1346 qui
455 1260 821 1321 mortalium
870 1262 1352 1343 ingratissimuS,
1390 1262 1819 1318 Alexandnnn
1859 1279 2003 1317 cum

302 1362 501 1411 matre
545 1346 925 1423 trucidavit,
973 1372 1136 1409 anno
1163 1349 1420 1430 Imperii
1452 1350 1546 1407 15.
1584 1370 1689 1407 seu
1721 1346 1825 1406 Ch.
1857 1345 1998 1407 255.

300 1437 374 1517 c)
437 1437 568 1496 Sub
603 1434 719 1496 hoc
752 1437 1140 1522 Imperatore
1174 1438 1330 1495 vixit
1381 1434 1640 1496 celebris
1686 1439 2003 1513 Origene-5,

307 1528 418 1609 qui
453 1525 717 1586 Bibliam
762 1528 1161 1586 concinnavit
1199 1527 1263 1583 in
1311 1524 1510 1583 tribus
1547 1523 2005 1594 voluminibus,

306 1615 356 1674 Ι.
403 1613 714 1675 Volumen
770 1615 834 1670 in
901 1630 1127 1695 quator
1179 1613 1484 1694 columnis
1552 1611 2000 1695 complecteba-

306 1718 410 1762 tur
458 1705 811 1762 versionem
859 1706 954 1761 70.
1005 1701 1472 1783 Interpretum,
1539 1701 2005 1759 translationem

309 1791 616 1868 Aquilae,
676 1793 1070 1866 Symmachi,
1137 1804 1197 1849 et
1246 1791 1695 1846 leeoclociom's,
1745 1790 1821 1847 Π.
1876 1790 2006 1846 Vo-s

310 1879 523 1938 lumen
563 1878 683 1937 fuit
737 1880 800 1935 in
853 1900 959 1937 sex
1003 1879 1342 1950 columniS,
1403 1890 1464 1935 et
1517 1877 1862 1935 vocabatur
1904 1873 2011 1932 Bi-

313 1966 441 2026 blia
481 1965 778 2049 hexapla:
827 1967 935 2025 ubi
979 1966 1297 2047 prioribus
1342 1967 1595 2024 accessit
1635 1978 1837 2024 textus
1880 1964 2008 2021 He-

314 2055 540 2124 braicis
585 2069 646 2115 et
689 2055 941 2115 Graecis
983 2054 1176 2114 literis
1212 2055 1493 2134 scriptus.
1540 2052 1646 2109 ΙΙΙ.
1696 2052 2008 2113 Volumen

317 2157 452 2204 erat
506 2157 648 2202 octo
697 2143 1160 2216 columnarum,
1224 2155 1285 2201 et
1332 2141 1671 2200 vocabatur
1718 2139 2007 2220 Octapla,

316 2232 425 2291 ubi
452 2233 772 2314 prioribus
812 2230 1098 2313 adjunxit
1123 2231 1468 2289 versionem
1498 2274 1511 2300 ,
1548 2251 1709 2309 quae
1751 2231 1815 2285 in
1857 2229 2010 2285 Hie-

318 2318 533 2392 richO,
588 2319 777 2379 altera
826 2342 982 2401 quae
1035 2317 1323 2401 Nicopoli
1362 2319 1422 2375 in
1465 2318 1725 2376 Graecia
1759 2316 1875 2374 fuit
1919 2318 2016 2373 in-

321 2422 523 2469 venta.
584 2406 664 2485 d)
711 2409 1006 2468 Ceterum
1063 2406 1355 2467 adversus
1416 2408 1747 2481 Origenem
1809 2405 2014 2487 gravis

322 2509 648 2580 tempestas
680 2499 986 2556 concitata
1021 2495 1172 2570 fuit,
1236 2493 1319 2554 ob
1354 2493 1602 2576 vulgata
1634 2493 1712 2552 ab
1758 2515 1830 2552 eo
1865 2493 2018 2551 scri-

323 2599 463 2670 pta,
529 2582 630 2644 vel
677 2587 787 2666 (ut
837 2607 899 2645 se
939 2584 1306 2664 excusabat)
1350 2580 1480 2667 ejus
1522 2584 1773 2642 nomine
1817 2580 2015 2650 edita,

1775 2691 1929 2751 qua-

396 2849 469 2912 a)
524 2844 804 2916 Lamprid.
861 2863 904 2896 c.
947 2842 1028 2898 51.
1101 2843 1173 2914 b)
1233 2842 1436 2895 Herod.
1483 2841 1544 2893 L.
1578 2840 1628 2894 6.
1686 2858 1728 2890 c.
1768 2836 2013 2891 6.-13.

469 2917 750 2987 Lamprid.
791 2935 838 2971 c.
876 2915 964 2970 55.
1002 2933 1110 2984 seq.
1149 2919 1383 2984 Eutrop.
1419 2914 1478 2965 L.
1516 2909 1565 2962 8.
1590 2908 1676 2981 c)
1717 2909 2013 2960 Herodian.

467 2984 865 3111 h.isg.ec.1}}3.
919 2985 1199 3058 Lamprid.
1252 3004 1301 3041 ο.
1341 2982 1428 3040 60.
1477 2980 1555 3052 d)
1612 2979 1798 3034 Euseb.
1851 2979 1912 3032 L.
1960 2977 2015 3033 6.
