<?xml version="1.0" encoding="UTF-8"?>
<!DOCTYPE html PUBLIC "-//W3C//DTD XHTML 1.0 Transitional//EN"
    "http://www.w3.org/TR/xhtml1/DTD/xhtml1-transitional.dtd">
<html xmlns="http://www.w3.org/1999/xhtml" xml:lang="en" lang="en">
 <head>
  <title>
</title>
<meta http-equiv="Content-Type" content="text/html;charset=utf-8" />
  <meta name='ocr-system' content='tesseract 3.04.00' />
  <meta name='ocr-capabilities' content='ocr_page ocr_carea ocr_par ocr_line ocrx_word'/>
</head>
<body>
  <div class='ocr_page' id='page_1' title='image "./historiauniversa02nagy_0266.png"; bbox 0 0 2097 3726; ppageno 0'>
   <div class='ocr_carea' id='block_1_1' title="bbox 385 220 1813 298">
    <p class='ocr_par' dir='ltr' id='par_1_1' title="bbox 385 220 1813 298">
     <span class='ocr_line' id='line_1_1' title="bbox 385 220 1813 298; baseline -0.004 -17"><span class='ocrx_word' id='word_1_1' title='bbox 385 225 506 287; x_wconf 76' lang='lat'>246</span> <span class='ocrx_word' id='word_1_2' title='bbox 555 221 853 280; x_wconf 56' lang='lat' dir='ltr'>Ili-storia</span> <span class='ocrx_word' id='word_1_3' title='bbox 892 220 1327 298; x_wconf 73' lang='lat' dir='ltr'>Bzclgarorum</span> <span class='ocrx_word' id='word_1_4' title='bbox 1361 229 1420 275; x_wconf 81' lang='lat' dir='ltr'>et</span> <span class='ocrx_word' id='word_1_5' title='bbox 1463 220 1813 276; x_wconf 76' lang='lat' dir='ltr'>Slavorzcm.</span> 
     </span>
    </p>
   </div>
   <div class='ocr_carea' id='block_1_2' title="bbox 282 388 1992 2831">
    <p class='ocr_par' dir='ltr' id='par_1_2' title="bbox 290 388 1983 920">
     <span class='ocr_line' id='line_1_2' title="bbox 290 388 1972 475; baseline -0.006 -13"><span class='ocrx_word' id='word_1_6' title='bbox 290 399 746 466; x_wconf 72' lang='lat' dir='ltr'>Tomosiensem</span> <span class='ocrx_word' id='word_1_7' title='bbox 788 395 1006 455; x_wconf 83' lang='lat' dir='ltr'>Turcis</span> <span class='ocrx_word' id='word_1_8' title='bbox 1055 393 1568 458; x_wconf 76' lang='lat' dir='ltr'>concedebantur.</span> <span class='ocrx_word' id='word_1_9' title='bbox 1647 388 1741 450; x_wconf 87' lang='lat' dir='ltr'>Ac</span> <span class='ocrx_word' id='word_1_10' title='bbox 1787 392 1972 475; x_wconf 85' lang='lat' dir='ltr'>proin</span> 
     </span>
     <span class='ocr_line' id='line_1_3' title="bbox 290 482 1972 571; baseline -0.006 -23"><span class='ocrx_word' id='word_1_11' title='bbox 290 489 574 571; x_wconf 79' lang='lat' dir='ltr'>Bulgaria</span> <span class='ocrx_word' id='word_1_12' title='bbox 607 483 789 544; x_wconf 90' lang='lat' dir='ltr'>hodie</span> <span class='ocrx_word' id='word_1_13' title='bbox 824 484 1011 543; x_wconf 85' lang='lat' dir='ltr'>etiam</span> <span class='ocrx_word' id='word_1_14' title='bbox 1045 485 1109 542; x_wconf 87' lang='lat' dir='ltr'>in</span> <span class='ocrx_word' id='word_1_15' title='bbox 1140 495 1439 567; x_wconf 81' lang='lat' dir='ltr'>potestate</span> <span class='ocrx_word' id='word_1_16' title='bbox 1466 482 1818 540; x_wconf 88' lang='lat' dir='ltr'>Turcorum</span> <span class='ocrx_word' id='word_1_17' title='bbox 1849 495 1972 541; x_wconf 88' lang='lat' dir='ltr'>est:</span> 
     </span>
     <span class='ocr_line' id='line_1_4' title="bbox 291 564 1974 660; baseline -0.006 -24"><span class='ocrx_word' id='word_1_18' title='bbox 291 599 479 660; x_wconf 89' lang='lat' dir='ltr'>quam</span> <span class='ocrx_word' id='word_1_19' title='bbox 536 570 874 646; x_wconf 82' lang='lat' dir='ltr'>Catholici,</span> <span class='ocrx_word' id='word_1_20' title='bbox 942 568 1394 642; x_wconf 78' lang='lat' dir='ltr'>Mahometani,</span> <span class='ocrx_word' id='word_1_21' title='bbox 1471 582 1532 628; x_wconf 89' lang='lat' dir='ltr'>et</span> <span class='ocrx_word' id='word_1_22' title='bbox 1589 564 1974 648; x_wconf 86' lang='lat' dir='ltr'>Schismatici</span> 
     </span>
     <span class='ocr_line' id='line_1_5' title="bbox 292 656 1981 741; baseline -0.005 -16"><span class='ocrx_word' id='word_1_23' title='bbox 292 664 607 738; x_wconf 83' lang='lat' dir='ltr'>incolunt3</span> <span class='ocrx_word' id='word_1_24' title='bbox 676 673 738 721; x_wconf 91' lang='lat' dir='ltr'>et</span> <span class='ocrx_word' id='word_1_25' title='bbox 771 659 895 741; x_wconf 85' lang='lat' dir='ltr'>jam</span> <span class='ocrx_word' id='word_1_26' title='bbox 943 659 1093 718; x_wconf 90' lang='lat' dir='ltr'>olim</span> <span class='ocrx_word' id='word_1_27' title='bbox 1146 680 1289 720; x_wconf 88' lang='lat' dir='ltr'>cum</span> <span class='ocrx_word' id='word_1_28' title='bbox 1332 659 1551 717; x_wconf 85' lang='lat' dir='ltr'>vicinis</span> <span class='ocrx_word' id='word_1_29' title='bbox 1599 656 1793 716; x_wconf 85' lang='lat' dir='ltr'>Slavis</span> <span class='ocrx_word' id='word_1_30' title='bbox 1834 679 1981 741; x_wconf 86' lang='lat' dir='ltr'>per-</span> 
     </span>
     <span class='ocr_line' id='line_1_6' title="bbox 292 746 1983 830; baseline -0.005 -16"><span class='ocrx_word' id='word_1_31' title='bbox 292 755 511 828; x_wconf 78' lang='lat' dir='ltr'>mixti,</span> <span class='ocrx_word' id='word_1_32' title='bbox 577 751 800 810; x_wconf 89' lang='lat' dir='ltr'>sensim</span> <span class='ocrx_word' id='word_1_33' title='bbox 850 749 915 807; x_wconf 89' lang='lat' dir='ltr'>in</span> <span class='ocrx_word' id='word_1_34' title='bbox 973 746 1284 824; x_wconf 82' lang='lat' dir='ltr'>habitum,</span> <span class='ocrx_word' id='word_1_35' title='bbox 1350 747 1618 830; x_wconf 81' lang='lat' dir='ltr'>lingvam</span> <span class='ocrx_word' id='word_1_36' title='bbox 1667 758 1729 804; x_wconf 87' lang='lat' dir='ltr'>et</span> <span class='ocrx_word' id='word_1_37' title='bbox 1778 766 1983 807; x_wconf 88' lang='lat' dir='ltr'>mores</span> 
     </span>
     <span class='ocr_line' id='line_1_7' title="bbox 290 837 1026 920; baseline -0.012 -16"><span class='ocrx_word' id='word_1_38' title='bbox 290 862 509 904; x_wconf 85' lang='lat' dir='ltr'>eorum</span> <span class='ocrx_word' id='word_1_39' title='bbox 558 837 1026 920; x_wconf 79' lang='lat' dir='ltr'>degenerarunt.</span> 
     </span>
    </p>

    <p class='ocr_par' dir='ltr' id='par_1_3' title="bbox 282 919 1992 2771">
     <span class='ocr_line' id='line_1_8' title="bbox 470 919 1981 994; baseline -0.005 -7"><span class='ocrx_word' id='word_1_40' title='bbox 470 931 640 987; x_wconf 86' lang='lat' dir='ltr'><strong>XIII.</strong></span> <span class='ocrx_word' id='word_1_41' title='bbox 693 929 787 985; x_wconf 85' lang='lat' dir='ltr'>Sl</span> <span class='ocrx_word' id='word_1_42' title='bbox 802 928 950 983; x_wconf 82' lang='lat' dir='ltr'>avi</span> <span class='ocrx_word' id='word_1_43' title='bbox 987 924 1135 986; x_wconf 87' lang='lat' dir='ltr'>olim</span> <span class='ocrx_word' id='word_1_44' title='bbox 1174 938 1244 984; x_wconf 89' lang='lat' dir='ltr'>ut</span> <span class='ocrx_word' id='word_1_45' title='bbox 1278 926 1623 983; x_wconf 72' lang='lat' dir='ltr'>Jorncmdes</span> <span class='ocrx_word' id='word_1_46' title='bbox 1662 919 1852 994; x_wconf 86' lang='lat' dir='ltr'>dicit,</span> <span class='ocrx_word' id='word_1_47' title='bbox 1913 921 1981 980; x_wconf 92' lang='lat' dir='ltr'>in</span> 
     </span>
     <span class='ocr_line' id='line_1_9' title="bbox 299 1010 1979 1088; baseline -0.008 -10"><span class='ocrx_word' id='word_1_48' title='bbox 299 1022 373 1078; x_wconf 91' lang='lat' dir='ltr'><em>V</em></span> <span class='ocrx_word' id='word_1_49' title='bbox 363 1023 723 1087; x_wconf 70' lang='lat' dir='ltr'>medorum,</span> <span class='ocrx_word' id='word_1_50' title='bbox 783 1017 1135 1088; x_wconf 62' lang='lat' dir='ltr'>Aramum,</span> <span class='ocrx_word' id='word_1_51' title='bbox 1198 1027 1260 1073; x_wconf 90' lang='lat' dir='ltr'>et</span> <span class='ocrx_word' id='word_1_52' title='bbox 1300 1015 1694 1072; x_wconf 72' lang='lat' dir='ltr'>Slavinoram</span> <span class='ocrx_word' id='word_1_53' title='bbox 1725 1010 1979 1088; x_wconf 86' lang='lat' dir='ltr'>nomina</span> 
     </span>
     <span class='ocr_line' id='line_1_10' title="bbox 296 1095 1984 1184; baseline -0.009 -17"><span class='ocrx_word' id='word_1_54' title='bbox 296 1120 477 1167; x_wconf 90' lang='lat' dir='ltr'>erant</span> <span class='ocrx_word' id='word_1_55' title='bbox 514 1103 733 1178; x_wconf 84' lang='lat' dir='ltr'>divisi;</span> <span class='ocrx_word' id='word_1_56' title='bbox 795 1123 1070 1184; x_wconf 85' lang='lat' dir='ltr'>quorum</span> <span class='ocrx_word' id='word_1_57' title='bbox 1121 1098 1387 1181; x_wconf 85' lang='lat' dir='ltr'>majores</span> <span class='ocrx_word' id='word_1_58' title='bbox 1425 1122 1552 1159; x_wconf 88' lang='lat' dir='ltr'>non</span> <span class='ocrx_word' id='word_1_59' title='bbox 1600 1099 1707 1158; x_wconf 86' lang='lat' dir='ltr'>abs</span> <span class='ocrx_word' id='word_1_60' title='bbox 1763 1095 1984 1155; x_wconf 88' lang='lat' dir='ltr'>funda-</span> 
     </span>
     <span class='ocr_line' id='line_1_11' title="bbox 297 1185 1991 1276; baseline -0.006 -21"><span class='ocrx_word' id='word_1_61' title='bbox 297 1207 509 1256; x_wconf 84' lang='lat' dir='ltr'>mento</span> <span class='ocrx_word' id='word_1_62' title='bbox 534 1193 755 1276; x_wconf 87' lang='lat' dir='ltr'>passim</span> <span class='ocrx_word' id='word_1_63' title='bbox 776 1201 1134 1248; x_wconf 84' lang='lat' dir='ltr'>statuuntur</span> <span class='ocrx_word' id='word_1_64' title='bbox 1161 1190 1504 1246; x_wconf 75' lang='lat' dir='ltr'>Sarmatae</span> <span class='ocrx_word' id='word_1_65' title='bbox 1521 1233 1535 1262; x_wconf 66' lang='lat' dir='ltr'>a</span> <span class='ocrx_word' id='word_1_66' title='bbox 1572 1189 1679 1270; x_wconf 87' lang='lat' dir='ltr'>qui</span> <span class='ocrx_word' id='word_1_67' title='bbox 1704 1189 1766 1244; x_wconf 90' lang='lat' dir='ltr'>in</span> <span class='ocrx_word' id='word_1_68' title='bbox 1789 1185 1991 1244; x_wconf 87' lang='lat' dir='ltr'>Euro-</span> 
     </span>
     <span class='ocr_line' id='line_1_12' title="bbox 293 1277 1983 1367; baseline -0.007 -25"><span class='ocrx_word' id='word_1_69' title='bbox 293 1306 436 1367; x_wconf 85' lang='lat' dir='ltr'>pam</span> <span class='ocrx_word' id='word_1_70' title='bbox 478 1282 835 1352; x_wconf 76' lang='lat' dir='ltr'>ve11iente8‚</span> <span class='ocrx_word' id='word_1_71' title='bbox 898 1301 929 1336; x_wconf 87' lang='lat' dir='ltr'>a</span> <span class='ocrx_word' id='word_1_72' title='bbox 979 1278 1169 1335; x_wconf 85' lang='lat' dir='ltr'>variis</span> <span class='ocrx_word' id='word_1_73' title='bbox 1209 1278 1431 1334; x_wconf 87' lang='lat' dir='ltr'>vicinis</span> <span class='ocrx_word' id='word_1_74' title='bbox 1467 1279 1651 1334; x_wconf 86' lang='lat' dir='ltr'>etiam</span> <span class='ocrx_word' id='word_1_75' title='bbox 1707 1277 1983 1332; x_wconf 78' lang='lat' dir='ltr'>Roxola-</span> 
     </span>
     <span class='ocr_line' id='line_1_13' title="bbox 294 1361 1980 1446; baseline -0.007 -17"><span class='ocrx_word' id='word_1_76' title='bbox 294 1376 388 1445; x_wconf 78' lang='lat' dir='ltr'>m&#39;,</span> <span class='ocrx_word' id='word_1_77' title='bbox 437 1384 542 1429; x_wconf 88' lang='lat' dir='ltr'>aut</span> <span class='ocrx_word' id='word_1_78' title='bbox 576 1370 852 1444; x_wconf 77' lang='lat' dir='ltr'>Jazyges</span> <span class='ocrx_word' id='word_1_79' title='bbox 886 1378 1064 1425; x_wconf 87' lang='lat' dir='ltr'>erant</span> <span class='ocrx_word' id='word_1_80' title='bbox 1096 1367 1433 1439; x_wconf 76' lang='lat' dir='ltr'>nominati,</span> <span class='ocrx_word' id='word_1_81' title='bbox 1480 1388 1513 1421; x_wconf 89' lang='lat' dir='ltr'>a</span> <span class='ocrx_word' id='word_1_82' title='bbox 1542 1361 1774 1446; x_wconf 81' lang='lat' dir='ltr'>quibus·</span> <span class='ocrx_word' id='word_1_83' title='bbox 1809 1364 1980 1419; x_wconf 77' lang='lat' dir='ltr'>Pan-</span> 
     </span>
     <span class='ocr_line' id='line_1_14' title="bbox 294 1451 1979 1537; baseline -0.005 -18"><span class='ocrx_word' id='word_1_84' title='bbox 294 1464 491 1531; x_wconf 77' lang='lat' dir='ltr'>nonii,</span> <span class='ocrx_word' id='word_1_85' title='bbox 537 1471 599 1518; x_wconf 89' lang='lat' dir='ltr'>et</span> <span class='ocrx_word' id='word_1_86' title='bbox 637 1457 851 1532; x_wconf 72' lang='grc' dir='ltr'><em>Ιίζγνίἰ</em></span> <span class='ocrx_word' id='word_1_87' title='bbox 888 1451 1375 1528; x_wconf 78' lang='lat' dir='ltr'>descenderunt,</span> <span class='ocrx_word' id='word_1_88' title='bbox 1423 1453 1536 1537; x_wconf 86' lang='lat' dir='ltr'>qui</span> <span class='ocrx_word' id='word_1_89' title='bbox 1571 1465 1633 1512; x_wconf 91' lang='lat' dir='ltr'>et</span> <span class='ocrx_word' id='word_1_90' title='bbox 1668 1451 1833 1509; x_wconf 85' lang='lat' dir='ltr'>Slavi</span> <span class='ocrx_word' id='word_1_91' title='bbox 1873 1472 1979 1531; x_wconf 81' lang='lat' dir='ltr'>ge·-</span> 
     </span>
     <span class='ocr_line' id='line_1_15' title="bbox 290 1537 1983 1623; baseline -0.009 -14"><span class='ocrx_word' id='word_1_92' title='bbox 290 1548 556 1609; x_wconf 81' lang='lat' dir='ltr'>neratim</span> <span class='ocrx_word' id='word_1_93' title='bbox 598 1544 999 1617; x_wconf 81' lang='lat' dir='ltr'>dicebantur3</span> <span class='ocrx_word' id='word_1_94' title='bbox 1047 1543 1330 1613; x_wconf 87' lang='lat' dir='ltr'>Quorum</span> <span class='ocrx_word' id='word_1_95' title='bbox 1367 1541 1796 1623; x_wconf 82' lang='lat' dir='ltr'>progenitores</span> <span class='ocrx_word' id='word_1_96' title='bbox 1836 1537 1983 1596; x_wconf 42' lang='lat' dir='ltr'>Sar‘</span> 
     </span>
     <span class='ocr_line' id='line_1_16' title="bbox 296 1627 1988 1696; baseline -0.007 0"><span class='ocrx_word' id='word_1_97' title='bbox 296 1651 495 1696; x_wconf 80' lang='lat' dir='ltr'>matae</span> <span class='ocrx_word' id='word_1_98' title='bbox 531 1632 609 1691; x_wconf 86' lang='lat' dir='ltr'>ad</span> <span class='ocrx_word' id='word_1_99' title='bbox 654 1632 899 1689; x_wconf 85' lang='lat' dir='ltr'>initium</span> <span class='ocrx_word' id='word_1_100' title='bbox 945 1628 1131 1688; x_wconf 88' lang='lat' dir='ltr'>seculi</span> <span class='ocrx_word' id='word_1_101' title='bbox 1176 1628 1429 1689; x_wconf 85' lang='lat' dir='ltr'>secundi</span> <span class='ocrx_word' id='word_1_102' title='bbox 1467 1631 1528 1686; x_wconf 88' lang='lat' dir='ltr'>in</span> <span class='ocrx_word' id='word_1_103' title='bbox 1572 1628 1755 1687; x_wconf 82' lang='lat' dir='ltr'>Dacia</span> <span class='ocrx_word' id='word_1_104' title='bbox 1799 1627 1988 1685; x_wconf 84' lang='lat' dir='ltr'>variis</span> 
     </span>
     <span class='ocr_line' id='line_1_17' title="bbox 294 1715 1989 1798; baseline -0.007 -14"><span class='ocrx_word' id='word_1_105' title='bbox 294 1725 727 1784; x_wconf 84' lang='lat' dir='ltr'>Romanorum</span> <span class='ocrx_word' id='word_1_106' title='bbox 774 1717 987 1788; x_wconf 82' lang='lat' dir='ltr'>bellis,</span> <span class='ocrx_word' id='word_1_107' title='bbox 1047 1715 1294 1777; x_wconf 89' lang='lat' dir='ltr'>celebre</span> <span class='ocrx_word' id='word_1_108' title='bbox 1345 1739 1571 1796; x_wconf 82' lang='lat' dir='ltr'>nomen</span> <span class='ocrx_word' id='word_1_109' title='bbox 1619 1729 1682 1776; x_wconf 87' lang='lat' dir='ltr'>et</span> <span class='ocrx_word' id='word_1_110' title='bbox 1734 1715 1989 1798; x_wconf 84' lang='lat' dir='ltr'>imperi-</span> 
     </span>
     <span class='ocr_line' id='line_1_18' title="bbox 297 1802 1986 1894; baseline -0.007 -24"><span class='ocrx_word' id='word_1_111' title='bbox 297 1834 404 1870; x_wconf 86' lang='lat' dir='ltr'>um</span> <span class='ocrx_word' id='word_1_112' title='bbox 441 1829 661 1894; x_wconf 84' lang='lat' dir='ltr'>parare</span> <span class='ocrx_word' id='word_1_113' title='bbox 695 1804 1059 1866; x_wconf 89' lang='lat' dir='ltr'>nitebantur</span> <span class='ocrx_word' id='word_1_114' title='bbox 1098 1804 1212 1862; x_wconf 87' lang='lat' dir='ltr'>sub</span> <span class='ocrx_word' id='word_1_115' title='bbox 1261 1826 1408 1887; x_wconf 79' lang='lat' dir='ltr'>rege</span> <span class='ocrx_word' id='word_1_116' title='bbox 1461 1805 1774 1862; x_wconf 78' lang='lat' dir='ltr'>Decebalo</span> <span class='ocrx_word' id='word_1_117' title='bbox 1833 1802 1986 1860; x_wconf 84' lang='lat' dir='ltr'>fines</span> 
     </span>
     <span class='ocr_line' id='line_1_19' title="bbox 295 1890 1986 1975; baseline -0.008 -15"><span class='ocrx_word' id='word_1_118' title='bbox 295 1902 610 1961; x_wconf 84' lang='lat' dir='ltr'>Romanos</span> <span class='ocrx_word' id='word_1_119' title='bbox 655 1906 957 1966; x_wconf 74' lang='lat' dir='ltr'>vexante,</span> <span class='ocrx_word' id='word_1_120' title='bbox 1016 1890 1266 1951; x_wconf 85' lang='lat' dir='ltr'>demum</span> <span class='ocrx_word' id='word_1_121' title='bbox 1321 1904 1459 1975; x_wconf 85' lang='lat' dir='ltr'>post</span> <span class='ocrx_word' id='word_1_122' title='bbox 1503 1894 1720 1950; x_wconf 80' lang='lat' dir='ltr'>initam</span> <span class='ocrx_word' id='word_1_123' title='bbox 1773 1911 1986 1973; x_wconf 86' lang='lat' dir='ltr'>pacem</span> 
     </span>
     <span class='ocr_line' id='line_1_20' title="bbox 297 1976 1991 2062; baseline -0.008 -14"><span class='ocrx_word' id='word_1_124' title='bbox 297 1986 671 2055; x_wconf 81' lang='lat' dir='ltr'>rebellante,</span> <span class='ocrx_word' id='word_1_125' title='bbox 718 1981 799 2058; x_wconf 81' lang='lat' dir='ltr'>a)</span> <span class='ocrx_word' id='word_1_126' title='bbox 847 1983 957 2062; x_wconf 89' lang='lat' dir='ltr'>qui</span> <span class='ocrx_word' id='word_1_127' title='bbox 991 1978 1239 2040; x_wconf 87' lang='lat' dir='ltr'>tandem</span> <span class='ocrx_word' id='word_1_128' title='bbox 1277 2004 1370 2039; x_wconf 89' lang='lat' dir='ltr'>an.</span> <span class='ocrx_word' id='word_1_129' title='bbox 1418 1976 1523 2038; x_wconf 87' lang='lat' dir='ltr'>Ch.</span> <span class='ocrx_word' id='word_1_130' title='bbox 1570 1981 1708 2039; x_wconf 84' lang='lat'>105.</span> <span class='ocrx_word' id='word_1_131' title='bbox 1742 2001 1777 2035; x_wconf 87' lang='lat' dir='ltr'>a</span> <span class='ocrx_word' id='word_1_132' title='bbox 1830 1982 1991 2036; x_wconf 71' lang='lat' dir='ltr'>Tra-</span> 
     </span>
     <span class='ocr_line' id='line_1_21' title="bbox 282 2064 1992 2154; baseline -0.006 -21"><span class='ocrx_word' id='word_1_133' title='bbox 282 2080 450 2151; x_wconf 82' lang='lat' dir='ltr'>jano</span> <span class='ocrx_word' id='word_1_134' title='bbox 490 2078 642 2154; x_wconf 89' lang='lat' dir='ltr'><strong>Imp.</strong></span> <span class='ocrx_word' id='word_1_135' title='bbox 685 2073 881 2128; x_wconf 88' lang='lat' dir='ltr'>victus</span> <span class='ocrx_word' id='word_1_136' title='bbox 918 2081 979 2128; x_wconf 91' lang='lat' dir='ltr'>et</span> <span class='ocrx_word' id='word_1_137' title='bbox 1025 2067 1099 2126; x_wconf 89' lang='lat' dir='ltr'>ad</span> <span class='ocrx_word' id='word_1_138' title='bbox 1138 2082 1537 2150; x_wconf 84' lang='lat' dir='ltr'>spontaneam</span> <span class='ocrx_word' id='word_1_139' title='bbox 1587 2066 1837 2126; x_wconf 79' lang='lat' dir='ltr'>caedem.</span> <span class='ocrx_word' id='word_1_140' title='bbox 1873 2064 1992 2123; x_wconf 82' lang='lat' dir='ltr'>acl-</span> 
     </span>
     <span class='ocr_line' id='line_1_22' title="bbox 297 2152 1990 2238; baseline -0.006 -15"><span class='ocrx_word' id='word_1_141' title='bbox 297 2178 504 2236; x_wconf 65' lang='lat' dir='ltr'>actm,</span> <span class='ocrx_word' id='word_1_142' title='bbox 581 2173 772 2218; x_wconf 87' lang='lat' dir='ltr'>totam</span> <span class='ocrx_word' id='word_1_143' title='bbox 822 2178 995 2215; x_wconf 90' lang='lat' dir='ltr'>suam</span> <span class='ocrx_word' id='word_1_144' title='bbox 1047 2170 1293 2238; x_wconf 83' lang='lat' dir='ltr'>gentem</span> <span class='ocrx_word' id='word_1_145' title='bbox 1344 2157 1775 2215; x_wconf 86' lang='lat' dir='ltr'>Romanorum</span> <span class='ocrx_word' id='word_1_146' title='bbox 1840 2152 1990 2236; x_wconf 78' lang='lat' dir='ltr'>jugo</span> 
     </span>
     <span class='ocr_line' id='line_1_23' title="bbox 298 2242 1989 2327; baseline -0.008 -15"><span class='ocrx_word' id='word_1_147' title='bbox 298 2251 583 2312; x_wconf 85' lang='lat' dir='ltr'>submisit</span> <span class='ocrx_word' id='word_1_148' title='bbox 608 2293 623 2321; x_wconf 82' lang='grc'>,</span> <span class='ocrx_word' id='word_1_149' title='bbox 686 2267 808 2327; x_wconf 85' lang='lat' dir='ltr'>qua</span> <span class='ocrx_word' id='word_1_150' title='bbox 856 2244 1198 2305; x_wconf 86' lang='lat' dir='ltr'>calamitate</span> <span class='ocrx_word' id='word_1_151' title='bbox 1232 2245 1417 2304; x_wconf 88' lang='lat' dir='ltr'>etiam</span> <span class='ocrx_word' id='word_1_152' title='bbox 1455 2242 1627 2302; x_wconf 88' lang='lat' dir='ltr'>Urbs</span> <span class='ocrx_word' id='word_1_153' title='bbox 1681 2244 1989 2303; x_wconf 83' lang='lat' dir='ltr'>Sarmata--</span> 
     </span>
     <span class='ocr_line' id='line_1_24' title="bbox 301 2331 1985 2401; baseline -0.009 0"><span class='ocrx_word' id='word_1_154' title='bbox 301 2362 442 2401; x_wconf 85' lang='lat' dir='ltr'>rum</span> <span class='ocrx_word' id='word_1_155' title='bbox 479 2335 885 2396; x_wconf 88' lang='lat' dir='ltr'>celeberrima</span> <span class='ocrx_word' id='word_1_156' title='bbox 917 2343 978 2392; x_wconf 90' lang='lat' dir='ltr'>et</span> <span class='ocrx_word' id='word_1_157' title='bbox 1007 2334 1195 2392; x_wconf 86' lang='lat' dir='ltr'>totius</span> <span class='ocrx_word' id='word_1_158' title='bbox 1217 2331 1389 2392; x_wconf 85' lang='lat' dir='ltr'>orbis</span> <span class='ocrx_word' id='word_1_159' title='bbox 1421 2332 1695 2390; x_wconf 79' lang='lat' dir='ltr'>maxima</span> <span class='ocrx_word' id='word_1_160' title='bbox 1738 2333 1985 2390; x_wconf 70' lang='lat' dir='ltr'>Sarmi-</span> 
     </span>
     <span class='ocr_line' id='line_1_25' title="bbox 298 2418 1989 2506; baseline -0.008 -18"><span class='ocrx_word' id='word_1_161' title='bbox 298 2428 638 2506; x_wconf 76' lang='lat' dir='ltr'>zegetlmsa</span> <span class='ocrx_word' id='word_1_162' title='bbox 672 2434 848 2504; x_wconf 88' lang='lat' dir='ltr'>capta</span> <span class='ocrx_word' id='word_1_163' title='bbox 885 2433 947 2481; x_wconf 89' lang='lat' dir='ltr'>et</span> <span class='ocrx_word' id='word_1_164' title='bbox 985 2441 1199 2480; x_wconf 84' lang='lat' dir='ltr'>eversa</span> <span class='ocrx_word' id='word_1_165' title='bbox 1238 2431 1361 2494; x_wconf 81' lang='lat' dir='ltr'>est,</span> <span class='ocrx_word' id='word_1_166' title='bbox 1407 2420 1595 2502; x_wconf 86' lang='lat' dir='ltr'>(quae</span> <span class='ocrx_word' id='word_1_167' title='bbox 1638 2418 1989 2506; x_wconf 86' lang='lat' dir='ltr'>probabili-</span> 
     </span>
     <span class='ocr_line' id='line_1_26' title="bbox 297 2506 1982 2580; baseline -0.005 -4"><span class='ocrx_word' id='word_1_168' title='bbox 297 2538 368 2576; x_wconf 90' lang='lat' dir='ltr'>us</span> <span class='ocrx_word' id='word_1_169' title='bbox 408 2516 521 2574; x_wconf 86' lang='lat' dir='ltr'>sita</span> <span class='ocrx_word' id='word_1_170' title='bbox 564 2526 696 2573; x_wconf 91' lang='lat' dir='ltr'>erat</span> <span class='ocrx_word' id='word_1_171' title='bbox 736 2513 798 2570; x_wconf 88' lang='lat' dir='ltr'>in</span> <span class='ocrx_word' id='word_1_172' title='bbox 837 2507 1133 2570; x_wconf 86' lang='lat' dir='ltr'>moderna</span> <span class='ocrx_word' id='word_1_173' title='bbox 1174 2507 1636 2580; x_wconf 88' lang='lat' dir='ltr'>Transilvania,</span> <span class='ocrx_word' id='word_1_174' title='bbox 1684 2507 1760 2568; x_wconf 87' lang='lat' dir='ltr'>ad</span> <span class='ocrx_word' id='word_1_175' title='bbox 1802 2506 1982 2567; x_wconf 86' lang='lat' dir='ltr'>hodi-</span> 
     </span>
     <span class='ocr_line' id='line_1_27' title="bbox 297 2595 1987 2681; baseline -0.007 -17"><span class='ocrx_word' id='word_1_176' title='bbox 297 2624 513 2665; x_wconf 91' lang='lat' dir='ltr'>ernam</span> <span class='ocrx_word' id='word_1_177' title='bbox 567 2601 796 2659; x_wconf 80' lang='lat' dir='ltr'>Albam</span> <span class='ocrx_word' id='word_1_178' title='bbox 834 2595 1097 2675; x_wconf 70' lang='lat' dir='ltr'>saliam)</span> <span class='ocrx_word' id='word_1_179' title='bbox 1145 2619 1334 2678; x_wconf 89' lang='lat' dir='ltr'>quam</span> <span class='ocrx_word' id='word_1_180' title='bbox 1377 2611 1583 2656; x_wconf 85' lang='lat' dir='ltr'>tamen</span> <span class='ocrx_word' id='word_1_181' title='bbox 1635 2597 1764 2681; x_wconf 88' lang='lat' dir='ltr'>ipse</span> <span class='ocrx_word' id='word_1_182' title='bbox 1827 2599 1987 2654; x_wconf 77' lang='lat' dir='ltr'>Tra-</span> 
     </span>
     <span class='ocr_line' id='line_1_28' title="bbox 286 2686 1987 2771; baseline -0.006 -20"><span class='ocrx_word' id='word_1_183' title='bbox 286 2697 490 2771; x_wconf 74' lang='lat' dir='ltr'>janus</span> <span class='ocrx_word' id='word_1_184' title='bbox 528 2689 937 2760; x_wconf 80' lang='lat' dir='ltr'>restauravit,</span> <span class='ocrx_word' id='word_1_185' title='bbox 983 2698 1046 2745; x_wconf 89' lang='lat' dir='ltr'>et</span> <span class='ocrx_word' id='word_1_186' title='bbox 1087 2687 1406 2744; x_wconf 82' lang='lat' dir='ltr'>Coloniam</span> <span class='ocrx_word' id='word_1_187' title='bbox 1451 2686 1701 2761; x_wconf 60' lang='lat' dir='ltr'>quiam</span> <span class='ocrx_word' id='word_1_188' title='bbox 1746 2686 1987 2757; x_wconf 68' lang='lat' dir='ltr'>Traja-</span> 
     </span>
    </p>

    <p class='ocr_par' dir='ltr' id='par_1_4' title="bbox 1751 2793 1901 2831">
     <span class='ocr_line' id='line_1_29' title="bbox 1751 2793 1901 2831; baseline 0 -1"><span class='ocrx_word' id='word_1_189' title='bbox 1751 2793 1901 2831; x_wconf 82' lang='lat' dir='ltr'>nam</span> 
     </span>
    </p>
   </div>
   <div class='ocr_carea' id='block_1_3' title="bbox 299 2867 615 2887">
    <p class='ocr_par' dir='ltr' id='par_1_5' title="bbox 299 2867 615 2887">
     <span class='ocr_line' id='line_1_30' title="bbox 299 2867 615 2887; baseline 0 839"><span class='ocrx_word' id='word_1_190' title='bbox 299 2867 615 2887; x_wconf 95' lang='lat' dir='ltr'> </span> 
     </span>
    </p>
   </div>
   <div class='ocr_carea' id='block_1_4' title="bbox 369 2939 1985 3144">
    <p class='ocr_par' dir='ltr' id='par_1_6' title="bbox 369 2939 1985 3144">
     <span class='ocr_line' id='line_1_31' title="bbox 369 2939 1982 3026; baseline -0.006 -24"><span class='ocrx_word' id='word_1_191' title='bbox 369 2949 442 3026; x_wconf 78' lang='lat' dir='ltr'>a)</span> <span class='ocrx_word' id='word_1_192' title='bbox 484 2947 761 3020; x_wconf 74' lang='lat' dir='ltr'>xiphilin.</span> <span class='ocrx_word' id='word_1_193' title='bbox 800 2947 862 3001; x_wconf 92' lang='lat' dir='ltr'>L.</span> <span class='ocrx_word' id='word_1_194' title='bbox 897 2945 987 3004; x_wconf 82' lang='lat'>60.</span> <span class='ocrx_word' id='word_1_195' title='bbox 1035 2945 1263 3018; x_wconf 82' lang='lat' dir='ltr'>Dionys.</span> <span class='ocrx_word' id='word_1_196' title='bbox 1309 2945 1540 3002; x_wconf 71' lang='lat' dir='ltr'>Cassius,</span> <span class='ocrx_word' id='word_1_197' title='bbox 1574 2943 1716 2996; x_wconf 86' lang='lat' dir='ltr'>Sect.</span> <span class='ocrx_word' id='word_1_198' title='bbox 1766 2942 1820 3001; x_wconf 83' lang='grc'>1.</span> <span class='ocrx_word' id='word_1_199' title='bbox 1854 2944 1894 3008; x_wconf 61' lang='grc' dir='ltr'>ξ.</span> <span class='ocrx_word' id='word_1_200' title='bbox 1923 2939 1982 2994; x_wconf 81' lang='grc'>-1,</span> 
     </span>
     <span class='ocr_line' id='line_1_32' title="bbox 438 3014 1985 3144; baseline -0.005 -73"><span class='ocrx_word' id='word_1_201' title='bbox 438 3017 1088 3144; x_wconf 41' lang='grc' dir='ltr'>Βόὲἕῑοιὲἓὲωῗαωοεοίυε.</span> <span class='ocrx_word' id='word_1_202' title='bbox 1150 3017 1210 3071; x_wconf 85' lang='lat' dir='ltr'>in</span> <span class='ocrx_word' id='word_1_203' title='bbox 1267 3015 1508 3072; x_wconf 83' lang='lat' dir='ltr'>Analect.</span> <span class='ocrx_word' id='word_1_204' title='bbox 1579 3014 1985 3085; x_wconf 81' lang='lat' dir='ltr'>Antiquitatum</span> 
     </span>
    </p>
   </div>
  </div>
 </body>
</html>
