2097 3726
381 209 495 272 182
829 201 1432 262 Historia

588 509 1274 660 caput
1437 508 1661 614 iv.

277 725 592 786 Exhibeas
650 722 1013 785 Historiam
1092 722 1505 779 Occidentalis
1558 720 1980 776 Moriar-chiae

451 817 777 874 Romanae
805 821 959 885 post
994 811 1386 882 divisionem,
1446 829 1640 884 usqae
1679 812 1768 866 ad
1806 830 1982 865 occa-

452 922 589 962 sum
637 900 898 974 Imperii
937 900 1347 958 occidentalis,
1424 898 1543 954 Sea
1581 896 1658 958 ab
1711 917 1811 967 an,
1867 889 1974 956 Cli.

466 989 612 1071 595.
651 1008 847 1064 usque
880 1007 979 1044 an.
1036 987 1140 1045 Ch.
1180 984 1321 1064 476,

281 1287 331 1366 ᾗ.
380 1303 431 1344 1.
474 1238 967 1364 Geographico
1010 1277 1302 1338 statistica
1351 1277 1526 1334 notio
1577 1276 1834 1359 Imperii
1875 1298 1981 1336 ocv

278 1371 626 1435 cidentalis.
730 1367 1077 1451 Imperium
1140 1366 1495 1424 Romanum
1564 1364 1977 1440 occidentale,

279 1465 615 1546 praecipua
667 1478 858 1538 regna
915 1468 977 1514 et
1025 1455 1381 1538 provincias
1447 1452 1976 1535 complectebatur

278 1561 637 1632 sequentes:
684 1548 777 1605 uti
818 1557 1011 1603 totam
1051 1540 1329 1613 Italiam,
1376 1541 1777 1622 Hispaniam,
1825 1541 1974 1599 Gal-2

280 1637 464 1710 liam,
509 1634 932 1705 Britanniam,
980 1631 1414 1702 Germaniam,
1457 1630 1841 1688 Pannoniam
1878 1651 1985 1689 seu

282 1723 655 1785 modernam
693 1720 1101 1800 Hungariam,
1150 1732 1212 1777 et
1257 1716 1558 1791 Africam,
1601 1740 1761 1799 quae
1800 1715 1985 1776 hodie

282 1812 584 1873 Barbaria
635 1822 759 1884 est,
805 1809 955 1865 item
1006 1805 1326 1886 Illyricum
1363 1804 1790 1885 (Slavoniam,
1838 1805 1987 1863 Dal-

283 1902 538 1960 matiam
591 1898 732 1976 etC.)
779 1898 844 1953 in
887 1891 1116 1974 quibus
1154 1894 1364 1975 regnis
1413 1903 1729 1974 tamquam
1775 1893 1985 1975 Impe-

281 1991 365 2047 rii
411 1984 803 2048 occidentalis
863 1979 1227 2063 fragmentis
1266 1994 1443 2039 enata
1495 1995 1639 2040 sunt
1692 1983 1982 2040 successi-

282 2097 364 2136 ve
412 2078 586 2135 varia
639 2071 935 2133 Gentium
988 2090 1217 2150 regna,
1284 2066 1577 2128 videlicet
1631 2070 1985 2145 Visigotlzi-

284 2186 425 2227 cum
496 2165 560 2220 in
624 2159 954 2241 Hispania,
1035 2160 1411 2215 Saxonicum
1487 2158 1551 2213 in
1623 2158 1982 2230 Britannia,

294 2251 801 2328 Ostrogothiczim
835 2246 898 2305 in
944 2244 1156 2318 Italia,
1216 2247 1590 2303 Francicum
1644 2246 1708 2303 in
1746 2243 1941 2302 Gallia
1968 2289 1984 2317 ‚

292 2343 368 2400 V
358 2341 711 2399 andaliczcm
751 2338 815 2393 in
862 2331 1106 2408 Africa,
1156 2334 1281 2391 imo
1330 2330 1708 2414 procedente
1745 2346 1986 2415 tempo-

288 2450 360 2489 re
391 2450 520 2488 non
552 2425 719 2485 nulla
751 2423 902 2495 alia3
950 2418 1028 2481 de
1067 2419 1295 2502 quibus
1324 2420 1680 2502 singillatim
1709 2432 1985 2479 tractanae

287 2514 438 2576 dum
492 2517 652 2587 erit,
714 2511 823 2572 ubi
875 2508 1218 2569 Historiam
1258 2509 1692 2568 Romanorum
1739 2506 1985 2592 speeifie-

290 2625 363 2665 ce
403 2602 873 2662 absolverimus.

467 2692 515 2771 ᾗ.
571 2711 624 2749 2.
675 2692 895 2747 Status
918 2689 1263 2766 Religionis
1293 2697 1354 2743 et
1377 2685 1829 2742 consvetudinis
1855 2685 1986 2740 Im-⁴

276 2782 457 2860 perii
494 2781 766 2838 Romani
813 2779 1011 2835 divisi.
1058 2772 1278 2835 Seculo
1322 2771 1512 2831 hocce
1550 2774 1625 2832 V.
1669 2771 1812 2830 licet
1858 2772 1988 2830 Do-

293 2872 498 2928 ctrina
546 2863 860 2925 Catholica
901 2864 1036 2923 talis
1085 2876 1279 2935 esset,
1326 2858 1573 2943 qualem
1621 2856 1986 2939 Symbolum

294 2954 556 3018 Concilii
611 2952 937 3016 Generalis
979 2951 1056 3015 Il.
1105 2945 1764 3032 Constantinopolitani
1812 2943 1985 3006 exhi-

1794 3031 1899 3094 be·-
