2097 3726
399 172 429 224 Γ)
449 186 464 222 1
486 184 514 220 2
850 150 1150 207 IIisl01·ict
1197 142 1457 221 Imperii

308 362 451 428 porc
498 331 923 392 li’erclimmclzcs
958 323 1142 384 rebus
1185 313 1626 402 componendis
1669 317 1976 390 intentiiS‚

306 436 602 507 insperate
659 416 852 475 filium
917 435 1097 471 suum
1159 410 1619 469 Ferclinccndzcm
1681 406 1798 467 IV,
1856 404 1978 488 jam

307 517 560 577 electum
598 527 776 565 suum
806 503 1234 560 Successorem
1263 510 1465 556 morte
1484 495 1980 578 amitten3,post—

304 622 486 684 quam
532 598 835 654 Coronam
892 588 1249 669 Hungariae
1301 597 1361 646 et
1412 580 1779 655 Bohemiae‚
1845 581 1977 641 filio

302 711 407 751 suo
439 686 739 758 Leopolclo
770 677 1279 758 consignavisset,
1317 675 1443 754 ipse
1481 691 1736 752 quoque
1768 673 1981 730 omni-

303 780 413 838 bus
475 770 690 831 charus
754 783 816 828 et
865 761 1300 825 desiderandus
1362 761 1642 822 Viennae
1710 760 1871 819 obiit
1933 783 1984 818 a.

312 865 489 928 1657,
531 858 739 918 aetatis
781 856 878 916 49.
916 854 1169 936 Imperii
1212 854 1308 911 21.

475 949 573 1008 LI.
636 947 977 1022 Leopolclzcs
1036 943 1085 998 I.
1149 954 1328 1022 patre
1394 940 1792 995 Ferdirzando
1851 939 1982 996 III.

304 1052 495 1099 matre
528 1036 746 1091 Μανία
786 1035 974 1091 Anna
1016 1031 1290 1103 Philippi
1335 1028 1459 1085 III.
1502 1028 1840 1109 Hispaniae
1881 1049 1986 1087 re·—

308 1131 392 1211 gis
437 1124 559 1183 filia
591 1136 800 1195 naum,
839 1133 960 1178 tres
992 1116 1206 1177 habuit
1251 1118 1532 1192 UxoreS,
1599 1119 1647 1175 I.
1706 1117 1985 1192 Marga-

304 1217 547 1277 remam
599 1212 953 1269 Theresiam
995 1209 1271 1282 Philippa·
1323 1207 1442 1264 IV.
1498 1206 1831 1288 Hispaniae
1884 1227 1985 1264 re·-

305 1307 433 1384 gis,
510 1314 570 1361 et
611 1319 753 1358 suae
801 1318 1126 1379 germanae
1169 1295 1401 1354 sororis
1456 1297 1716 1353 Μανιάε
1766 1298 1984 1352 Annae

305 1392 525 1457 filiam,
604 1409 680 1447 ex
734 1409 857 1468 qua
909 1386 1174 1468 suscepit
1229 1395 1501 1465 quatuor
1569 1381 1814 1467 proleS,
1895 1382 1989 1442 uti

306 1479 758 1537 Ferdinandcmz
807 1473 985 1533 brevi
1039 1487 1376 1533 mortuum.
1455 1476 1744 1532 Mariam
1791 1474 1988 1529 Anto-

306 1571 471 1626 niam
525 1566 952 1623 flffaxc'milc'arzo
1015 1564 1346 1621 Ematmeli
1407 1564 1649 1622 Bavaro
1699 1574 1986 1644 nuptum.

308 1658 600 1713 Joamzem
641 1674 785 1711 mox
825 1665 1176 1723 mortuum,
1224 1663 1284 1711 et
1321 1656 1606 1711 Mariam
1652 1652 1990 1726 Joseplzam

311 1763 501 1823 aeque
554 1739 765 1801 eodem
819 1762 978 1799 anno
1023 1739 1391 1800 defunctam.
1440 1737 1751 1799 'Eduxit
1802 1741 1989 1798 Clau-—

313 1834 477 1888 (liam
508 1833 877 1889 Ferclinancli
910 1827 1277 1889 Archiducis
1308 1827 1530 1904 filiam,
1567 1851 1644 1889 ex
1679 1851 1802 1911 qua
1838 1826 1988 1887 duas

315 1920 574 2000 suscepit
609 1916 759 1976 filias
795 1921 1039 1977 Annam
1056 1920 1339 1976 Mariam
1370 1920 1704 1995 Joseplzam
1746 1929 1808 1976 et
1843 1918 1994 1974 Ma-

313 2010 477 2065 riam
517 2006 839 2081 Josepham
883 2010 1334 2066 Clementinam.
1412 2010 1573 2068 Cum
1625 2019 1833 2066 autem
1882 2027 1991 2065 ne-

314 2096 542 2153 minem
591 2091 894 2156 habuisset
950 2097 1165 2155 vivum
1223 2093 1553 2157 haeredem
1612 2092 1990 2166 masculum,

318 2181 455 2240 ideo
509 2185 609 2240 111.
660 2180 836 2242 duxit
879 2181 1204 2266 conjugem
1255 2189 1632 2244 Eleonoram
1686 2183 1990 2243 Electoris

316 2269 568 2329 Palatini
614 2272 882 2348 Philippi
927 2270 1148 2347 filiam,
1209 2296 1285 2334 ex
1325 2297 1450 2357 qua
1501 2271 1830 2357 gemellum
1879 2294 1992 2331 su-

316 2358 508 2438 scepit
560 2356 964 2419 desideratum
1019 2364 1350 2440 Joseplmm
1418 2378 1481 2425 et
1544 2356 1834 2422 Cat-olam
1887 2382 1995 2420 seu

327 2447 635 2502 Castorem
677 2460 736 2505 et
773 2451 1105 2525 Pollucem,
1167 2467 1417 2534 praeter
1461 2474 1617 2535 quos
1660 2439 1860 2509 adhuc
1901 2471 1997 2509 se-

319 2546 484 2614 ptem
519 2535 772 2618 protulit
823 2551 1013 2598 natos.
1078 2543 1426 2616 Leopolclas
1465 2541 1511 2599 l.
1560 2541 1728 2600 omni
1785 2540 1996 2597 virtu-

320 2634 450 2677 tum
487 2642 703 2701 genere
744 2627 1195 2701 ornatissimus,
1242 2629 1326 2688 ob
1371 2630 1600 2690 eximia
1651 2628 1751 2687 illa
1799 2626 1990 2686 meri-

319 2720 413 2780 ta,
460 2708 681 2788 quibus
717 2716 1062 2796 provincias
1096 2717 1208 2775 sub
1242 2715 1390 2800 jugo
1427 2719 1698 2778 Turcico
1736 2737 1989 2799 gemen-

320 2808 407 2854 tes
442 2795 895 2878 vindicaverat,
958 2805 1332 2890 optimisque
1369 2808 1613 2869 statutis
1651 2805 1992 2887 Imperium

1360 2905 1369 2918 ²
1642 2893 1910 2954 illustra-
