2097 3726
398 139 522 219 498
857 129 1158 186 Historia
1205 130 1468 204 Imperii
1500 154 1502 156 ’

304 305 666 380 obsidibus»,
710 305 866 365 datis
916 304 1199 366 dimissus
1243 317 1350 365 est.
1400 301 1525 365 Sed
1573 303 1753 365 brevi
1805 302 2014 364 datam

300 398 527 469 fidem,
572 416 720 455 cum
769 392 1063 455 Pontifice
1103 408 1323 454 contra
1360 398 1816 477 Imperatorem
1848 415 1911 454 se
1944 416 2011 454 se

300 487 599 572 jungens,
637 483 930 561 violavit3
977 505 1201 543 verum
1241 484 1588 543 Caesariani
1623 504 1771 542 mox
1827 485 2014 544 1526.

301 573 769 647 Mediolanum,
830 575 1118 655 sequenti
1169 576 1440 633 Romam
1496 574 1809 656 capientes
1863 594 2013 655 pro-

297 664 548 727 miscuis
585 660 878 723 caedibus
916 661 1363 745 repleverunt,
1429 664 1758 746 ipsumque
1797 662 2014 719 Ponti-

296 753 481 816 ficem
536 752 770 836 captivi
833 748 1021 811 modo
1068 750 1312 833 aliquot
1362 750 1683 812 mensibus
1737 771 2015 810 asserva-

297 855 465 905 runt.
533 842 613 921 a)
660 838 943 900 Tandem
975 853 1116 924 post
1153 841 1483 923 Neapolim
1535 838 1766 899 frustra
1804 839 2014 899 obses-

297 953 427 995 sam
485 952 521 988 a
568 928 795 1004 Gallis,
873 951 1003 1011 quo
1056 929 1409 989 Caesariani
1456 950 1520 990 se
1579 927 2012 1004 contulerant,

297 1021 599 1105 quoniam
635 1030 804 1102 peste
850 1017 1078 1100 majori
1120 1039 1199 1079 ex
1249 1031 1429 1101 parte
1463 1018 1732 1077 absumti
1776 1031 2014 1096 essent3

297 1109 491 1172 Gallis
523 1131 601 1170 ex
639 1121 770 1168 tota
807 1106 987 1166 Italia
1019 1107 1243 1189 pulsis,
1274 1109 1409 1166 Rex
1450 1106 1767 1167 Pontificis
1803 1129 2015 1168 exem-

299 1200 408 1284 plo
455 1219 671 1282 pacem
715 1218 862 1256 cum
908 1196 1167 1256 Caesare
1206 1197 1558 1278 composuit
1604 1197 1789 1258 1529.
1839 1207 1902 1256 et
1940 1194 2016 1256 fi*-

299 1290 417 1350 lios
455 1286 756 1347 redemit:
821 1282 905 1363 b)
950 1307 1076 1368 qua
1119 1297 1485 1368 tempestate
1531 1286 1760 1347 Veneti
1803 1284 1886 1345 ob
1942 1283 2016 1343 il-

298 1379 422 1439 lata
463 1374 690 1438 Carolo
728 1396 901 1434 arma
950 1376 1208 1458 pecunia
1249 1374 1549 1434 mulctati.
1604 1377 1845 1449 Ssbrtia
1885 1376 2016 1434 Du-

299 1481 506 1528 catum
556 1462 1087 1526 Mediolanensem
1144 1466 1375 1524 iterum
1428 1463 1757 1548 praecibus
1799 1485 2018 1523 conse-

302 1571 517 1628 cutuS,
566 1575 758 1635 quem
802 1565 944 1638 post
976 1550 1109 1639 ejus
1145 1567 1453 1628 mortem,
1515 1553 1738 1612 Caesar
1773 1555 2015 1628 Philip-

294 1669 381 1724 po
429 1646 519 1703 II.
558 1642 686 1702 filio
735 1663 848 1702 suo
909 1641 1094 1702 1546.
1139 1641 1413 1701 tradidit.
1477 1642 1829 1701 Florentini
1888 1639 2017 1723 eje-—

299 1748 432 1796 ctos
477 1754 555 1793 ex
619 1730 798 1791 Urbe
857 1734 1215 1791 flIech'caeos
1263 1730 1470 1792 denuo
1527 1732 1812 1814 recipere
1864 1728 2010 1811 jussi

300 1837 485 1896 sunt,
547 1822 658 1902 qui
698 1817 955 1879 demum
1007 1835 1149 1904 post
1187 1820 1511 1881 biennium
1574 1822 2016 1879 Alexandrum

299 1913 693 1973 Mecliccoezmz
755 1909 944 1967 Ducis
1019 1909 1205 1970 titulo
1269 1908 1382 1969 soli
1449 1923 1776 1968 ornarunt.
1872 1909 2014 1968 Duo

301 2015 631 2087 praeterea
685 1996 846 2058 bella
898 1994 1194 2058 adversus
1243 2000 1536 2058 Carolcmz
1576 1999 1762 2079 gessit
1804 2000 2016 2056 Fran«-

301 2095 504 2150 cisczcs
545 2089 737 2169 magis
776 2082 1032 2147 foedere
1068 2087 1423 2146 Turcorum
1461 2086 1737 2147 imfamia
1761 2133 1777 2162 ,
1825 2110 2014 2170 quam

298 2179 419 2240 sibi
468 2176 661 2238 utilia.
719 2175 1076 2257 Utrumque
1130 2191 1340 2236 tamen
1394 2177 1668 2236 Caesaris
1722 2178 1788 2236 in
1837 2174 2013 2235 Afri-

300 2290 441 2329 cam
486 2263 914 2348 expeditiones
960 2276 1457 2340 antecessemint,
1506 2267 1709 2349 prima
1751 2264 2010 2349 expedi-

298 2356 472 2418 tione
532 2359 836 2414 Tcmetccm
877 2356 1298 2437 expugnavit,
1365 2367 1427 2415 et
1475 2376 1689 2436 regem
1736 2356 2010 2415 Tuneta-

295 2468 450 2505 num
490 2443 570 2503 ab
612 2446 938 2501 Areacletzo
992 2443 1407 2502 Barbaros-sa
1442 2465 1672 2525 genere
1717 2443 1796 2523 c)
1839 2445 2007 2503 Tur-

299 2556 372 2594 ca
425 2532 675 2618 pulsum
722 2533 1038 2608 restituit,
1092 2533 1278 2595 1555.
1346 2531 1565 2594 Altera
1613 2529 2015 2616 expeditione

1606 2624 1925 2700 Algiriam

371 2796 444 2870 a)
485 2795 744 2848 'Sleidam
800 2795 864 2849 L.
910 2795 963 2874 6.
1018 2792 1327 2851 Gvicciard.
1384 2793 1444 2846 L.
1495 2791 1701 2873 17518.
1752 2793 2009 2863 Bellajus,

441 2869 504 2920 L.
541 2865 591 2919 3.
648 2866 798 2918 Paul.
839 2868 1053 2922 JoviuS.
1104 2866 1173 2922 L.
1214 2865 1300 2918 26.
1354 2862 1430 2936 b)
1483 2863 1785 2917 SleidauuS.
1842 2865 1904 2916 L.
1955 2864 2010 2919 6.

441 2937 748 2990 Gvicciard.
798 2937 860 2989 L.
908 2936 994 2990 16.
1049 2935 1375 3007 Chytraeus.
1431 2937 1493 2989 L.
1550 2935 1600 2986 9.
1651 2939 1714 2997 c)
1771 2934 2009 2986 Sleidau.

440 3006 583 3131 ξιξ).
621 3007 946 3132 (ἐξιγιι-ῗιιεὲ.
991 3008 1048 3064 L.
1073 3005 1155 3061 14.
1191 3009 1414 3061 Heuter.
1450 3010 1633 3060 Austr.
1666 3006 1729 3062 L.
1773 3003 1853 3060 11.
1894 3025 1942 3062 c.
1966 3003 1992 3057 1

492 3099 518 3129 c
563 3097 621 3131 ar
663 3096 768 3136 ius,
859 3117 871 3130 .
947 3119 964 3135 .
