2097 3726
574 157 856 215 Romano
900 153 1275 211 Germanici.
1554 152 1588 211 4
1601 171 1632 209 2
1644 174 1683 234 9

0 326 2 396 ζ
63 333 328 417 egregiis
383 333 668 417 corporis
725 342 787 390 et
838 329 1028 388 animi
1098 326 1351 388 dotibus
1411 325 1768 411 praedituS,

65 423 315 482 Uxores
367 420 590 481 habuit
635 441 778 493 sex,
850 417 896 476 l.
953 419 1322 476 Constantia
1364 439 1442 476 ex
1485 439 1610 500 qua
1660 440 1771 476 na—

70 525 166 571 tus
210 524 300 571 est
339 513 658 569 Hem-icus
696 509 904 565 senior
956 506 1038 565 ob
1076 506 1485 566 rebellionem
1519 507 1582 563 in
1628 528 1773 588 per-

69 614 288 685 petuos
330 618 606 658 carceres
651 594 1007 669 damnatus,
1071 595 1157 655 ibi
1204 596 1428 654 misere
1475 592 1652 653 obiit.
1697 599 1772 654 ΙΙ.

68 690 328 746 Jolanta
377 707 537 770 quae
589 687 651 745 in
698 685 1040 767 puerperio
1089 705 1231 743 cum
1277 695 1424 743 nato
1495 684 1776 742 Conrado

67 789 316 836 mortua
364 789 469 837 est.
536 774 646 834 Ill.
695 774 912 850 Agnes
965 772 1309 856 repudiata.
1374 774 1482 833 IV.
1527 774 1775 830 Ratincz

68 865 251 925 brevi
283 877 545 925 mortua.
596 865 670 923 V.
714 863 988 920 [sabella
1020 864 1325 920 Ladovici
1357 861 1583 919 Bavari
1625 859 1773 935 filia,

68 975 148 1014 ex
203 975 323 1034 qua
365 966 507 1011 nata
559 962 651 1012 est
691 952 908 1029 Agnes
964 950 1106 1009 alias
1164 954 1592 1028 ffIargareta,
1660 953 1776 1007 Al-

67 1043 243 1101 berto
292 1039 671 1123 Thuringiae
712 1037 1084 1121 Landgrafio
1125 1052 1334 1121 nupta.
1398 1041 1505 1099 VI.
1552 1039 1777 1095 Mecla-

65 1133 245 1188 tc'ldc‘s
287 1128 414 1189 filia
457 1131 719 1188 Joamzis
782 1129 1048 1210 Angliae
1100 1130 1298 1211 regis,
1363 1148 1441 1187 ex
1488 1148 1612 1208 qua
1673 1147 1777 1185 su-

0 1234 1 1268 1
65 1221 261 1302 scepit
307 1222 656 1278 Hearicum
704 1220 1026 1277 Iuniorem
1065 1216 1170 1277 sed
1208 1216 1388 1277 brevi
1428 1229 1773 1275 mortuum.

69 1307 193 1368 Hic
229 1312 579 1393 Imperator
626 1330 660 1365 a
702 1307 909 1367 multis
950 1310 1137 1366 etiam
1175 1304 1544 1365 concubinis
1583 1318 1775 1364 nota—-

64 1411 187 1457 tur.
235 1399 313 1478 a)
360 1399 727 1455 Friclericzcs
786 1399 875 1456 II.
928 1407 1146 1478 agente
1204 1395 1514 1477 imprimis
1561 1394 1779 1452 Ponti-

65 1483 182 1546 sice
229 1485 544 1544 Inocentio
591 1486 719 1543 III.
767 1509 801 1544 a
844 1484 1235 1566 principibus
1277 1483 1648 1542 Germaniae
1697 1503 1778 1542 ex

62 1574 276 1633 Sicilia
327 1588 613 1635 evocatus
669 1588 731 1633 et
783 1577 1132 1654 Imperator
1186 1573 1450 1645 electris,
1522 1592 1776 1653 magna-

64 1663 307 1738 nimus,
357 1664 642 1746 Sapiens,
690 1664 898 1721 animo
941 1659 1296 1745 intrepido,
1343 1659 1597 1718 ultimus
1637 1659 1775 1718 Μ3-

66 1747 297 1836 iestatis
361 1751 811 1834 Imperatoriae
882 1749 1179 1810 adversus
1237 1745 1572 1809 Pontifices
1634 1749 1778 1807 vin-

73 1837 232 1909 deX3
280 1841 476 1899 trium
527 1841 692 1899 enim
740 1836 1115 1898 Pontificum
1157 1835 1654 1898 anathematibus
1693 1834 1778 1914 b)

66 1929 324 1990 minime
379 1925 638 2004 cedens,
708 1924 858 1987 forti
913 1929 1122 1987 animo
1187 1929 1436 2009 imperii
1489 1928 1582 1985 sui
1634 1923 1776 2009 jura

67 2015 428 2078 vindicavit.
476 2018 964 2076 Constitutiones
1014 2015 1148 2099 ejus
1187 2015 1263 2077 de
1299 2015 1509 2076 usibus
1545 2013 1776 2075 feudo-

69 2127 214 2165 rum
260 2109 323 2166 in
373 2108 468 2166 11.
524 2106 834 2187 capitibus
893 2107 1102 2163 Coclici
1143 2108 1536 2165 chstinicmeo
1583 2105 1777 2164 inser-

71 2207 172 2253 tae
221 2207 395 2254 sunt:
461 2194 569 2253 ubi
609 2196 795 2253 etiam
837 2193 1153 2254 libertates
1189 2196 1453 2255 eximiae
1490 2191 1784 2276 Agricul-

71 2295 285 2340 torum
370 2279 942 2362 deprehenduntur.
1053 2284 1197 2342 Fuit
1267 2284 1632 2343 Literarum
1717 2294 1782 2342 et

74 2369 465 2451 Lingvarum
501 2390 759 2449 gnarus,
810 2368 974 2429 unde
1015 2373 1203 2429 etiam
1238 2375 1406 2431 viros
1448 2369 1660 2431 doctos
1715 2372 1782 2427 in

77 2461 286 2541 pretio
338 2454 578 2517 hahuit.
653 2455 868 2515 Multis
913 2460 1255 2539 provinciis
1307 2474 1370 2519 et
1409 2458 1782 2518 Civitatibus

75 2544 403 2627 magnifica
463 2543 789 2629 privilegia
857 2548 1195 2619 concessit,
1253 2561 1314 2606 et
1378 2546 1548 2605 bulla
1592 2569 1785 2605 aurea

73 2631 486 2694 confirmavit.
577 2632 852 2693 Ducibus
909 2633 1198 2695 Austriae
1263 2635 1469 2693 Archa·
1524 2637 1779 2693 Ducum

1543 2723 1666 2780 titu
1681 2756 1698 2785 s,

143 2889 217 2964 a)
256 2892 568 2964 Spangenk.
610 2892 766 2945 Cent.
807 2890 885 2944 13.
918 2889 1016 2944 fol.
1063 2889 1214 2944 1325.
1250 2893 1433 2961 Sigon.
1473 2894 1535 2946 L.
1573 2890 1656 2945 17.
1707 2890 1774 2957 h)

210 2961 480 3021 Honorii,
519 2963 776 3033 Gregorii
822 2963 920 3015 IX.
961 2973 1015 3014 et
1053 2963 1357 3018 Innocentii
1389 2965 1477 3019 IV.
1509 2982 1539 3018 a
1579 2962 1778 3036 quibus

222 3034 512 3107 quinquies
546 3032 655 3088 suit
702 3034 1222 3091 excommueicatuS.
