2097 3726
443 223 560 299 178
885 221 1487 279 Historia

350 394 631 458 deferens
692 394 758 453 in
815 396 1094 455 maximo
1146 398 1315 455 circo
1374 399 1608 471 erexit,
1683 418 1871 478 quem
1927 395 2036 455 de<

349 505 522 546 mum
566 505 685 568 pro
728 486 1028 544 memoria
1075 487 1291 544 Sixtus
1343 487 1420 547 V.
1478 486 1654 544 Pont.
1713 509 1745 545 e
1797 485 2040 544 ruderi-

352 574 470 634 bus
504 593 761 646 eruens,
822 585 965 632 ante
1006 574 1485 634 Lateranensem
1527 573 1849 632 Basilicam
1876 618 1890 646 ,
1936 574 2042 631 SS.

350 661 569 720 Crucis
619 660 795 742 signo
849 659 1171 721 dedicavit.
1236 661 1316 740 α)
1381 660 1513 720 Sub
1560 663 1815 719 chliano
1870 661 2044 742 Apo*

353 760 509 809 stata
544 747 759 809 floruit
793 751 997 831 magni
1037 751 1307 809 nominis
1338 749 1581 810 Rhetor
1626 749 1946 808 Ecebolius
1982 749 2044 827 b)

353 848 498 897 ante
527 834 914 897 Christianus
940 881 956 910 ,
1015 834 1161 898 dein
1202 839 1286 899 ob
1326 837 1730 922 gentilitatem
1770 840 2048 920 Impera-

353 927 482 987 tori
515 921 772 996 charUS,
818 946 949 1007 quo
982 940 1232 986 mortuo
1259 928 1503 987 rediens
1527 926 1603 985 ad
1637 926 2048 997 Christianos»,

357 1015 676 1098 paenitens
710 1011 787 1071 ad
817 1027 1064 1096 portam
1092 1015 1398 1076 Ecclesiae
1424 1014 1743 1076 clamavit:
1778 1036 1872 1071 me
1894 1035 2050 1092 qua-

355 1106 414 1161 si
460 1105 566 1161 sal
600 1104 988 1179 infatuatum
1016 1105 1277 1178 pedibus
1318 1109 1681 1164 conculcate.
1746 1104 2053 1162 Libanius

357 1189 805 1252 celeberrimus
852 1187 981 1269 ejus
1024 1192 1324 1274 temporis
1363 1205 1574 1253 orator
1617 1190 1897 1252 Gentilis.
1967 1190 2053 1248 Ea

361 1291 562 1339 aetate
601 1277 660 1336 S.
697 1280 989 1337 Basilius
1030 1279 1360 1339 Caesareae
1396 1283 1459 1338 in
1492 1279 1876 1368 Cappadocia
1907 1279 2057 1361 Epi-

361 1387 588 1451 scopus
626 1368 1028 1426 monasticam
1068 1368 1338 1427 instituit
1367 1370 1583 1428 vitam.
1650 1368 1724 1447 c)
1774 1370 2054 1426 Zosimus

360 1476 482 1540 pro
522 1455 777 1513 Juliano
814 1468 1031 1515 contra
1087 1458 1569 1516 Constantinum
1607 1458 1868 1541 scripsit.
1919 1457 2058 1514 slu-

363 1545 573 1601 sonius
634 1543 885 1619 Gallus,
954 1544 1236 1603 Gratiani
1290 1546 1564 1606 Caesaris
1637 1546 1947 1626 Magister.
2009 1543 2060 1601 E

366 1631 621 1690 Graecis
654 1633 1052 1692 eminuerunt
1087 1647 1229 1716 post
1263 1637 1580 1694 Basiliam
1612 1635 1698 1694 M.
1741 1631 1865 1691 duo
1906 1635 2061 1689 Gre-

359 1720 536 1798 gorii
579 1740 804 1800 nempe
843 1722 1284 1780 Nazianzenus
1324 1722 1675 1804 Theologus
1707 1735 1769 1782 et
1805 1731 2017 1780 orator
2042 1763 2058 1792 ,

369 1806 538 1890 patri
593 1806 657 1864 in
708 1807 1078 1890 Episcopatu
1124 1830 1466 1885 successor,
1550 1811 1665 1869 sub
1729 1808 2062 1867 Theodosio

367 1896 463 1955 M
508 1891 638 1954 sedi
679 1893 1396 1977 Constantinopolitanae
1428 1896 1916 1981 praeficiendus,
1957 1891 2064 1954 sed

370 1994 595 2064 sponte
631 1980 977 2057 abdicavit,
1046 2000 1330 2046 mortuus
1380 2009 1431 2045 a.
1479 1989 1627 2068 589.
1674 1984 1855 2045 Alter
1913 1986 2066 2041 Gre-

364 2073 590 2150 gorius
640 2073 996 2148 Nyssenus,
1059 2074 1296 2153 Basilii
1337 2075 1420 2134 M.
1473 2073 1700 2149 frater,
1767 2087 1830 2134 et
1873 2085 2066 2131 secta-

378 2173 482 2218 tor
535 2161 825 2236 Origeuis
877 2173 946 2218 ut
987 2182 1244 2243 magnus
1302 2158 1726 2244 Philosophus.
1795 2163 2066 2236 Cyrillus

384 2246 1020 2327 HierosolymitanuS,
1080 2251 1222 2313 sede
1260 2274 1385 2311 non
1425 2248 1613 2310 semel
1651 2262 1892 2325 motus,
1951 2243 2071 2306 sub

404 2336 740 2393 Theodosio
800 2350 1098 2397 mortuus.
1192 2342 1589 2417 Epiphanius
1658 2337 2072 2407 Palaestinus,

377 2424 774 2485 Constantiae
811 2427 875 2483 in
923 2426 1131 2508 Cypro
1166 2429 1276 2512 Ep.
1315 2451 1351 2485 a
1400 2426 1594 2486 multa
1639 2427 1905 2487 lectione
1950 2422 2073 2482 cla-

380 2532 525 2579 rus,
579 2515 869 2589 Origenes
934 2511 1360 2590 adversarius,
1438 2514 1701 2597 reliquit
1751 2512 2077 2575 utilissima

380 2601 644 2684 scripta,
690 2603 780 2660 uti
825 2599 903 2662 de
940 2603 1070 2663 vita
1115 2620 1179 2666 et
1221 2619 1422 2666 morte
1461 2601 1952 2689 Prophetarum,
1996 2596 2074 2658 de

1824 2690 1987 2749 Ima-

452 2863 527 2927 a)
566 2860 803 2931 Longus.
847 2859 949 2917 fol.
981 2859 1066 2914 85.
1124 2860 1196 2931 b)
1249 2862 1452 2915 Socrat.
1488 2865 1551 2917 L.
1587 2859 1639 2916 3.
1690 2879 1735 2911 c.
1778 2855 1860 2911 11.
1912 2851 1981 2928 c)
2019 2855 2079 2907 in

522 2931 698 3003 Epist.
736 2930 821 2984 79.
863 2932 931 2984 ad
979 2931 1349 2986 Eustachium.
1400 2943 1454 2984 et
1500 2931 1796 3000 Gregorius
1849 2928 2078 2980 Nazian.

520 3001 590 3053 de
625 3001 879 3055 laudibus
925 3002 1133 3057 Basilii.
1177 3003 1332 3058 Orat.
1367 3001 1457 3060 20.
1509 3000 1574 3054 T.
1629 3000 1680 3057 1.
1716 2997 1954 3052 Vossitm.
2007 2995 2076 3047 de

522 3072 763 3131 Graecis,
803 3072 1016 3128 Histor.
1051 3070 1147 3123 fol.
1186 3069 1310 3127 203.
