2097 3726
466 146 1250 206 Romanorum.
1613 153 1652 212 5

33 357 186 420 olim
222 357 434 420 multis
472 354 834 418 nominibus
875 355 1129 439 insigne.
1189 356 1488 419 Omnium
1525 373 1738 423 tamen

31 448 437 510 celeberrima
489 446 661 507 Urbs
724 443 846 504 fuit
899 447 1140 519 Roma,
1227 446 1417 509 Orbis
1472 448 1739 511 condam

33 537 341 612 Domina,
388 557 619 596 nomen
653 533 982 594 obtentum
1030 532 1366 594 hodiedum
1402 551 1597 617 tenet,
1642 539 1734 600 si-

34 638 99 684 ta
134 627 200 684 in
228 624 366 684 loco
404 621 743 683 admodum
776 621 963 682 fertili
984 646 1001 700 3
1047 620 1226 706 cujus
1267 623 1538 686 ambitus
1579 627 1734 689 olim.

32 712 333 772 tredecim
421 711 688 772 millium
762 732 1051 794 passuum
1133 710 1322 774 fuisse
1398 715 1735 796 scribitur3

42 803 276 859 Turres
317 801 381 860 in
428 820 762 860 murorum
799 797 1040 859 ambitu
1078 799 1225 859 olim
1269 803 1410 861 740.
1451 808 1736 882 regiones

30 909 186 948 vero
230 902 300 947 ut
335 888 530 962 olim,
592 890 678 947 ita
721 885 946 962 hodie,
1006 887 1112 949 sed
1149 891 1400 950 mutatis
1449 892 1737 954 Nomini-

29 974 144 1034 bus
179 989 322 1035 sunt
360 977 533 1040 XIV.
603 975 671 1054 a)
734 998 896 1059 quae
930 976 1116 1036 simul
1151 976 1396 1038 Italiam
1428 983 1734 1042 constitu-

30 1079 231 1124 erunt.
295 1067 550 1127 Praeter
590 1065 905 1139 Tiberim,
965 1078 1309 1125 occurrunt
1351 1071 1539 1128 etiam
1582 1069 1730 1130 reli-

27 1155 211 1234 quiae
243 1151 512 1214 fontium
541 1176 618 1215 ex
650 1155 923 1235 antiquis
957 1153 1279 1228 ductibus,
1328 1158 1416 1215 uti
1453 1171 1517 1217 et
1555 1160 1730 1218 varia

26 1240 207 1300 Fora.
293 1243 490 1303 Colles
548 1258 786 1326 septem
833 1242 1159 1302 moenibus
1209 1243 1732 1322 includebantur,

26 1329 192 1414 unde
225 1331 425 1390 Roma
475 1330 808 1416 septicollis
844 1329 1169 1390 dicebatur
1201 1331 1411 1392 multis
1457 1336 1730 1394 centenis

27 1418 272 1502 templis
305 1433 537 1479 ornata.
611 1424 890 1496 Ctyptcce
923 1422 1407 1495 subterraneae,
1452 1435 1730 1504 postmo-

25 1504 176 1565 dum
212 1506 328 1568 sub
372 1509 868 1592 Imperatoribus
909 1509 973 1563 in
1015 1504 1398 1569 Christianos
1449 1513 1732 1571 saevien-

25 1596 189 1656 tibus
212 1642 227 1670 ,
268 1597 550 1678 ipsorum
593 1609 765 1656 erant
801 1594 1075 1655 latebrae
1110 1592 1174 1656 et
1206 1593 1550 1679 sepulchra.
1589 1599 1729 1658 Ho-

25 1683 124 1745 die
188 1684 493 1747 XXVIII.
558 1681 965 1745 Xenodoehia
1028 1682 1276 1767 publica
1334 1686 1727 1747 diversarum

23 1773 366 1833 Nationum
405 1785 565 1832 sunt.
630 1775 887 1833 Praeter
918 1771 1288 1833 Generalem
1327 1774 1726 1835 Academiam

21 1862 165 1922 XX.
207 1862 553 1923 Seminaria
607 1874 668 1923 et
708 1860 980 1944 Collegia
1016 1862 1352 1922 Nationum
1393 1887 1428 1923 a
1477 1864 1724 1948 Grego-

831 1973 868 2010 a
921 1971 956 2010 2
1520 1974 1634 2013 1'10.
1707 1989 1714 1993 „

90 2123 166 2197 a)
204 2125 243 2177 Ι.
281 2123 645 2177 Lombardiae
684 2143 810 2195 pars
863 2124 1132 2195 Alpestris
1185 2141 1311 2176 cum
1374 2121 1596 2176 Valesia.
1649 2123 1716 2175 ΙΙ.

161 2195 368 2247 Tirolis
409 2209 464 2247 et
502 2194 747 2247 Marchia
778 2195 1095 2248 Tarvisana.
1133 2193 1218 2246 ΙΙΙ.
1258 2192 1714 2256 Pedemontium‚

158 2266 360 2319 Montis
392 2266 602 2318 Ferrati
627 2265 1037 2318 Mai-chionatus
1055 2304 1070 2326 ,
1108 2274 1164 2316 et
1194 2263 1567 2316 Genuensium
1591 2264 1717 2314 *Du-

162 2344 331 2387 catu5.
368 2336 455 2387 IV.
486 2336 847 2388 Romandiola
880 2355 1006 2389 cum
1037 2335 1354 2399 Parmensi,
1388 2343 1444 2386 et
1461 2333 1717 2386 Mantuae

162 2406 484 2457 DucatibtiS.
527 2406 586 2457 V.
630 2407 927 2458 Brixiensis
977 2407 1277 2457 Comitatus
1327 2421 1452 2456 cum
1500 2404 1713 2455 Ducatu

160 2475 570 2527 Mediolanensi.
607 2476 696 2528 VI.
737 2477 1014 2539 Veronae,
1057 2476 1360 2534 Vicentiae,
1395 2484 1450 2527 et
1495 2474 1721 2525 Patavi-

159 2563 260 2598 nae
305 2546 554 2597 ditioneS.
597 2545 707 2598 Vll.
744 2547 947 2598 Forum
986 2547 1230 2609 Julium,
1286 2545 1478 2609 Istria,
1517 2544 1716 2595 Carni-

160 2616 264 2668 ola.
307 2616 435 2668 VIII.
478 2615 734 2667 Thuscia.
777 2615 876 2667 IX.
907 2616 1150 2668 Marchia
1196 2615 1538 2667 Anconitana
1587 2631 1713 2665 cum

159 2687 455 2757 Spoletano
503 2687 732 2741 Ducam.
766 2685 842 2737 X.
875 2686 1095 2737 Latium
1116 2724 1130 2746 ‚
1183 2703 1278 2737 seu
1309 2685 1615 2754 Campagna
1654 2682 1712 2733 di

158 2758 350 2810 Roma.
386 2758 485 2809 XI.
523 2756 771 2807 Abruzzo
794 2795 808 2812 ,
851 2756 1142 2824 Aprutium
1175 2766 1228 2806 et
1257 2765 1404 2806 terra
1439 2755 1496 2806 di
1533 2756 1713 2804 Lavo-

156 2847 235 2893 ra,
269 2845 362 2879 seu
394 2826 705 2896 Campania.
738 2825 857 2877 XII.
888 2830 1128 2895 Utraque
1155 2824 1346 2895 Apulia
1374 2841 1471 2875 seu
1502 2823 1711 2891 Pugna,

158 2909 212 2950 et
253 2907 398 2951 terra
450 2897 508 2949 di
551 2897 721 2949 Barri.
780 2899 950 2947 Terra
999 2895 1053 2946 (Ρ
1098 2896 1371 2958 OtrantO,
1423 2893 1710 2954 Calabria,

158 2969 354 3036 Magna
381 2969 635 3031 Graecia,
672 2966 907 3019 Lucania
929 3005 943 3023 ,
981 2966 1233 3033 Regnum
1265 2964 1706 3036 Neapolitanum.

161 3040 309 3093 XIII.
353 3040 567 3094 Corsica
594 3047 646 3089 et
683 3036 956 3089 Sardinia.
998 3036 1139 3088 XIV.
1173 3035 1370 3088 Sicilia.
