2097 3726
327 252 450 312 110
788 247 1398 308 Ilistoria

231 442 397 481 anno
440 420 538 499 78.
576 420 659 501 a)
708 418 845 479 Sub
898 418 1017 486 hoc
1063 426 1453 510 Imperatore
1509 424 1764 486 Chris
1792 434 1937 485 tus

231 510 522 570 Salvator
570 522 785 569 noster
823 511 1159 575 crucifixus
1214 514 1336 575 fuit
1372 537 1536 575 anno
1581 518 1795 577 aetatis
1839 517 1938 577 55.

234 613 297 660 et
337 598 662 659 Mensibus
707 599 930 670 tribus,
990 604 1073 684 b)
1135 602 1324 688 Cujus
1362 618 1633 665 mortem
1667 620 1731 667 et
1768 626 1940 664 resu-

226 690 576 748 rectionem
625 700 794 748 tanta
843 691 1147 751 miracula
1194 692 1687 773 confirmarunt,
1738 694 1810 774 c)
1872 705 1943 753 ut

242 777 531 837 Tiberias
581 776 664 837 ob
714 782 1048 842 veritatem
1095 803 1242 843 suae
1281 785 1638 844 Divinitatis
1685 805 1942 869 permo-
2032 797 2033 801 ’

229 879 367 940 tuS,
419 887 531 926 suo
566 866 863 949 suffragio
901 869 1067 952 apud
1109 872 1406 932 Senatum
1446 876 1607 957 egit,
1671 890 1743 934 ut
1777 877 1942 936 inter

229 955 396 1016 Deos
435 970 904 1030 recenseretur,
948 959 1032 1037 cl)
1077 960 1181 1021 sed
1222 963 1483 1022 Senatus
1516 966 1761 1024 restitit.

415 1046 470 1105 5.
527 1046 721 1119 Cajzcs
769 1048 1096 1125 Caligula,
1146 1074 1180 1108 a
1225 1055 1520 1112 castrensi
1563 1053 1942 1114 calceamen-

228 1149 295 1193 to
339 1135 424 1193 sic
467 1132 703 1209 dictus,
759 1137 980 1219 optimi
1028 1142 1306 1220 parentis
1361 1145 1755 1214 Germanici,
1805 1164 1947 1227 pes-

229 1225 420 1283 simus
466 1221 668 1294 filius,
726 1236 788 1284 et
825 1240 1179 1286 monstrum
1226 1230 1431 1313 potius
1482 1255 1671 1315 quam
1722 1227 1942 1301 liom0‚

232 1334 380 1372 nam
451 1313 700 1370 Tiberio
752 1315 1085 1376 immanior
1145 1320 1476 1399 Tyrannus
1526 1321 1792 1381 exstitit:
1866 1320 1940 1397 e)

231 1399 332 1460 hic
376 1401 541 1460 enim
582 1403 787 1461 statim
818 1401 1235 1466 histrionibus
1279 1410 1471 1489 magis
1505 1431 1690 1491 quam
1734 1410 1940 1490 impe—

234 1491 315 1552 rii
351 1491 521 1550 curis
553 1488 835 1569 deditus,
875 1493 961 1573 f)
999 1493 1076 1554 ad
1117 1519 1250 1558 eam
1295 1497 1618 1557 stultitiam
1668 1495 1942 1569 devenit,

234 1594 307 1640 ut
337 1578 614 1637 divinam
653 1579 773 1639 sibi
804 1581 1187 1665 majestatem
1228 1586 1615 1670 arrogand0‚
1653 1588 1822 1644 Jovis
1864 1586 1943 1643 ti--

237 1667 372 1729 tulo
395 1666 643 1727 salutari
683 1668 990 1745 voluerit,
1027 1675 1121 1754 g)
1159 1676 1523 1760 temploque
1556 1676 1674 1735 sibi
1722 1673 1940 1734 condi-

239 1772 341 1833 to,
401 1756 806 1818 Sacerdotem
856 1783 919 1821 se
975 1761 1271 1844 dignum,
1335 1767 1658 1825 incitatum
1710 1784 1943 1845 equum

241 1869 422 1908 suum
473 1849 813 1910 constituit.
879 1851 1097 1912 Postea
1147 1851 1411 1912 Galliam
1470 1867 1530 1914 et
1578 1854 1946 1936 Hispaniam

236 1934 530 1998 caedibus
578 1950 640 1995 et
677 1939 913 2021 rapinis
950 1938 1265 2015 exhausit,
1321 1966 1370 2000 a.
1409 1943 1516 2003 Ch.
1573 1944 1670 2024 59.
1716 1942 1798 2021 lt)
1850 1941 1945 1999 Ex

240 2025 603 2090 Britannica
660 2026 1059 2109 expeditione
1117 2029 1374 2090 domum
1422 2031 1706 2102 redienS‚
1775 2042 1946 2088 tanta

239 2114 608 2177 crudelitate
642 2118 893 2193 saeviit,
962 2131 1033 2177 ut
1068 2120 1471 2180 exclamaret:
1532 2122 1788 2177 Utinam
1827 2120 1950 2175 Po-

234 2209 427 2284 pulus
466 2208 787 2265 Romanus
823 2199 1014 2265 utiam
1055 2212 1355 2267 cervicem
1394 2208 1709 2266 haberet?
1755 2227 1944 2290 quam

240 2317 369 2356 uno
410 2296 544 2380 ipso
584 2296 711 2354 ictu
747 2294 1181 2376 abscinderet,
1250 2296 1417 2358 unde
1460 2293 1743 2384 jactando
1780 2295 1946 2354 dice-

1781 2408 1854 2446 re

308 2559 381 2632 a)
420 2558 604 2616 Tacit.
653 2559 717 2612 L.
750 2558 804 2618 6.
842 2578 886 2611 c.
925 2559 1011 2614 50.
1052 2560 1275 2613 Svcton.
1317 2580 1365 2615 c.
1410 2557 1492 2612 73.
1527 2576 1641 2625 seq.
1679 2576 1792 2628 seq.
1817 2557 1941 2633 Dio.

379 2631 525 2685 Cass,
564 2630 625 2682 L.
669 2627 759 2686 58.
799 2628 868 2702 b)
916 2632 1107 2686 Baron.
1146 2631 1212 2684 ad
1251 2651 1296 2684 a.
1337 2628 1421 2682 34.
1461 2649 1516 2681 11.
1557 2628 1646 2684 46.
1701 2630 1772 2683 ci
1829 2630 1945 2680 Lu·-

384 2717 494 2752 cae.
548 2720 591 2753 c.
632 2699 715 2753 23.
772 2719 822 2753 v.
858 2698 944 2757 44.
990 2703 1184 2758 Marci.
1218 2722 1265 2757 c.
1309 2699 1394 2757 15.
1447 2719 1502 2756 v.
1538 2699 1620 2753 33.
1659 2698 1853 2750 Matth.
1891 2719 1943 2754 c.

381 2770 467 2823 27.
503 2789 552 2823 v.
597 2769 680 2827 15.
721 2771 793 2835 cl)
835 2770 1073 2828 Tertull.
1109 2773 1344 2843 Apolog.
1379 2793 1424 2823 e.
1463 2771 1509 2823 5.
1546 2780 1598 2821 et
1629 2768 1710 2820 21.
1749 2769 1945 2824 Euseb.

378 2842 524 2894 Hist.
582 2842 644 2895 L.
682 2841 730 2894 2.
784 2842 1036 2896 Orosius,
1084 2844 1149 2900 L.
1189 2843 1235 2896 7.
1281 2865 1328 2898 e.
1365 2840 1415 2894 4.
1467 2845 1686 2894 Sveton.
1722 2839 1775 2890 in
1817 2837 1943 2891 Tib.

381 2931 428 2964 c.
468 2910 552 2965 61.
613 2911 677 2983 e)
734 2911 912 2967 Tacit.
974 2915 1033 2966 L.
1077 2912 1123 2966 1.
1180 2933 1225 2966 e.
1260 2911 1344 2965 41.
1397 2911 1618 2961 Sveton.
1675 2909 1730 2960 in
1773 2907 1944 2975 Calig.

385 3003 434 3037 c.
488 2981 538 3034 9.
581 3000 692 3052 seq.
721 2983 845 3034 Dio.
870 2983 1012 3035 Cass.
1042 2982 1105 3039 L.
1140 2983 1225 3038 59.
1249 2979 1325 3052 s)
1366 2980 1587 3035 Sveton.
1622 2997 1665 3030 c.
1703 2976 1943 3032 18.-25.

380 3052 500 3107 Dio.
538 3052 682 3104 Cass.
717 3055 776 3107 L.
821 3052 903 3106 59.
951 3053 1037 3124 g)
1095 3056 1312 3124 Equum
1350 3050 1571 3103 nominc
1615 3049 1943 3108 incitatumt,

379 3123 635 3243 namma
681 3124 992 3179 SvetoniuS.
1037 3144 1087 3180 c.
1134 3124 1220 3178 55.
1269 3121 1393 3175 Dio.
1435 3120 1582 3178 Cass,
1628 3121 1691 3175 L.
1731 3118 1816 3174 59.
1866 3119 1940 3186 Ιι)

383 3194 407 3242 l
450 3210 554 3245 em.

2062 0 2072 231 Ξ

2066 247 2071 360 i

2072 568 2075 647 ι
