2097 3726
386 256 417 292 2
435 253 456 292 1
471 236 507 293 4
558 235 857 294 Historia
879 234 1409 314 Anglosaxonam,
1425 247 1486 294 et
1503 238 1905 304 Herzclorum·,

290 419 428 484 tur,
515 423 709 490 prout
758 408 860 470 illa
912 433 1025 472 nec
1082 414 1212 496 ipse
1281 415 1541 472 Carolus
1604 412 1688 481 Μ,
1747 416 1994 495 penitus

290 498 752 577 abrogaverat,
829 497 978 558 dum
1044 522 1239 582 regno
1294 522 1404 560 suo
1467 500 1713 561 eosdem
1772 500 1994 566 additis

292 583 665 666 quibusdam
710 588 888 646 novis
935 586 1173 670 legibus
1228 587 1624 651 devinxisset.

472 673 581 733 VI.
630 677 1005 752 Heruli,
1066 680 1613 754 Tarcilitzgi,
1659 690 1721 736 et
1766 678 1997 753 Rugii,

297 774 479 820 erant
532 759 757 836 Gothi,
839 763 989 832 olim
1049 765 1526 836 Pomeraniani,
1587 762 1998 824 Meklenbur-

293 870 441 931 gum
483 861 547 907 et
602 849 934 918 Livoniam
989 852 1382 929 incolebant,
1454 867 1514 913 et
1552 874 1626 912 eo
1671 866 1953 933 tempore
1981 897 1997 926 ,

292 936 441 995 dum
497 940 709 998 variae
747 954 958 1022 gentes
1001 943 1065 1008 in
1108 943 1354 1008 ruinam
1405 942 1659 1023 Imperii
1706 938 1998 1007 occiden-

297 1025 370 1083 tis
407 1024 836 1101 excubabant,
886 1026 1042 1089 duce
1089 1031 1370 1086 Odoaoro
1408 1030 1522 1112 ipsi
1566 1031 1997 1088 Romanorum

288 1111 690 1195 Stipendiarii
740 1116 805 1173 in
852 1113 1031 1178 ltalia
1077 1132 1326 1198 praesto
1379 1131 1592 1189 erant,
1670 1114 1770 1177 sed
1830 1136 1999 1174 come

288 1203 463 1259 muni
501 1197 616 1267 hac
646 1211 1045 1286 tempestate,
1093 1202 1488 1287 reliquorum
1533 1207 1997 1265 Germanorum

292 1287 580 1371 exemplo
607 1336 623 1364 ,
689 1312 889 1372 quum
942 1290 1145 1352 nudae
1178 1292 1446 1359 mercedi
1494 1292 1754 1375 amplius
1786 1294 2003 1373 acqui-2

293 1397 500 1437 escere
536 1376 818 1452 nollent,
879 1377 999 1438 sibi
1058 1401 1321 1463 quoque
1378 1394 1574 1440 terras
1609 1379 1744 1447 dari
1791 1394 2001 1463 postu-

289 1464 542 1541 labant,
590 1487 744 1546 quas
791 1466 902 1526 ubi
937 1489 1064 1527 non
1105 1468 1555 1543 obtinuissent,
1604 1488 1781 1526 suum
1815 1467 2000 1526 Belli-

293 1551 515 1612 ducem
562 1554 915 1622 Odoacrum
946 1557 1185 1639 Regem
1219 1556 1688 1640 proclamarunt
1719 1579 1812 1624 an.
1854 1556 1998 1633 476,

294 1641 405 1722 qui
463 1641 650 1706 etiam
699 1645 964 1709 Romulo
1025 1650 1413 1726 Imperatore
1464 1667 1611 1710 mox
1661 1642 1839 1702 Urbe
1893 1664 2000 1701 sua

300 1728 686 1811 proscripto,
736 1730 1091 1798 Romanum
1127 1733 1460 1816 imperium
1493 1730 1889 1794 Occidentale
1929 1728 2004 1788 fi-

294 1817 499 1888 nivit,
566 1829 629 1885 et
665 1817 956 1899 Regnum
1006 1819 1394 1883 Herulorum
1451 1824 1513 1879 in
1558 1819 1734 1880 ltalia
1782 1817 2001 1876 funda-.-

295 1905 389 1963 vit
433 1904 517 1980 a)
562 1902 735 1986 cujus
773 1904 1029 1986 quidem
1075 1911 1359 1990 potentia
1401 1909 1612 1973 brevis
1639 1954 1654 1981 ,
1710 1905 1815 1967 sed
1855 1908 1998 1965 satis

295 1991 566 2073 gloriosa
605 1991 758 2067 fuit,
808 2015 952 2052 nam
992 1993 1250 2079 depulso
1293 1999 1654 2074 Augustulo
1691 1994 1866 2054 Italia
1889 2015 2002 2076 po-

296 2083 477 2152 titus,
519 2083 862 2138 Ravennae
894 2081 1101 2147 sedem
1132 2082 1251 2146 sibi
1285 2088 1608 2145 constituit
1630 2128 1645 2157 ‚
1679 2084 2002 2163 Regnum-

294 2189 420 2249 que
456 2167 672 2229 Italiae
711 2166 893 2230 honis
939 2171 1273 2245 institutis,
1317 2171 1583 2233 sedecim
1623 2173 1798 2239 annis
1835 2168 2003 2229 haud

298 2254 633 2324 infeliciter
683 2256 1093 2338 gubernavit3
1167 2280 1390 2319 verum
1454 2259 1599 2328 odio
1655 2281 1733 2318 an
1785 2257 2002 2326 metu?
2086 2316 2094 2325 ,

296 2358 514 2412 contra
558 2366 701 2404 eum
747 2348 909 2403 Zeno
956 2348 1212 2406 orientis
1263 2347 1654 2434 Imperator,
1733 2349 2004 2414 Theoclffi

300 2435 502 2493 ricam
538 2430 816 2492 Gothum
856 2436 1324 2510 Veronensem,
1371 2441 1577 2519 'quem
1622 2455 1833 2516 regem
1880 2439 2005 2505 lta-

300 2521 419 2592 liae
467 2533 823 2595 creaverat,
877 2543 1008 2603 quo
1054 2522 1134 2585 ab
1183 2526 1426 2584 oriente
1461 2548 1601 2585 eum
1645 2535 2000 2596 averteret,

297 2633 393 2670 an.
478 2612 622 2693 490.
674 2611 876 2685 misit,
947 2614 1057 2696 qui
1118 2613 1306 2683 etiam
1382 2618 1732 2685 Odoacrum
1798 2612 2001 2678 tribus

1725 2722 1911 2784 proe—

372 2871 448 2943 τι)
489 2871 715 2942 Procop‚
762 2873 828 2979 g„
865 2868 916 2936 1,
965 2870 1029 2921 de
1064 2871 1190 2924 hell.
1228 2872 1389 2935 Goth.
1429 2869 1576 2932 Paul,
1609 2871 1757 2925 Diae.
1809 2870 1873 2926 L.
1910 2869 1993 2941 16,¹

440 2940 1337 3078 frear-,2-1321320331125222
1371 2942 1441 3060 ‘¹52
1469 2939 2000 3083 fleeb}0}25hguize{{;

442 3081 653 3135 LainS.
688 3082 754 3133 de
786 3083 948 3151 migr.
981 3083 1240 3151 gentium,
1279 3084 1345 3135 L.
1383 3079 1467 3139 12.
1651 3086 1653 3088 ’
