2097 3726
527 172 808 227 Romano
852 168 1224 225 Germanici.
1507 169 1632 250 579

27 345 166 406 niae
205 343 421 430 populi
481 344 746 415 irritati,
803 365 947 404 eum
994 344 1109 426 jam
1156 364 1279 402 non
1335 346 1476 403 satis
1530 342 1721 401 animi

32 446 388 518 compotem
435 432 830 493 deseruerint
865 434 976 492 ita:
1030 434 1097 513 (ι)
1137 447 1203 490 ut
1239 430 1400 491 solus
1442 432 1717 501 relictus,

32 545 159 582 non
223 522 411 582 modo
462 522 797 596 ministris,
852 520 958 580 scd
1014 533 1074 580 et
1125 524 1295 579 victu
1353 520 1722 602 quotidiano

29 612 472 670 destitueretur
501 654 517 682 ‚
551 608 721 669 unde
766 632 843 670 ex
891 622 1195 692 concepto
1235 610 1427 666 animi
1482 628 1727 667 moero-

31 721 104 759 re
146 713 285 782 post
318 719 426 759 sex
459 695 878 758 hebdemodas
914 699 1280 758 remotionis
1319 697 1394 756 ab
1443 697 1725 778 imperis),

28 788 93 845 in
139 785 245 846 vili
299 787 563 848 Sveviae
605 808 764 871 pago
810 787 968 847 obiit
1013 809 1107 845 an.
1159 790 1303 847 888.
1357 783 1549 868 Cujus
1590 784 1726 842 loco

31 873 403 958 subrogatus
443 889 535 936 est
569 878 957 953 Amalplucs.

208 964 379 1025 VIII.
426 965 838 1040 Arnulplms,
877 965 1319 1023 Carolomanni
1364 985 1437 1024 ex
1502 964 1735 1020 Caren-

33 1055 171 1112 tina
223 1053 525 1113 naturalis
559 1052 753 1126 filius,
796 1075 1058 1114 uxorem
1105 1055 1372 1137 primam
1416 1054 1470 1112 ei
1535 1052 1735 1109 tribu-

32 1153 152 1200 unt
212 1140 276 1220 b)
323 1143 645 1221 Agnetam
690 1144 966 1204 Orientis
1007 1145 1162 1225 Imp.
1212 1140 1434 1214 filiam,
1483 1163 1561 1200 ex
1607 1161 1734 1221 qua

33 1227 436 1313 Arnolphum
483 1245 899 1315 cognomento
937 1236 1202 1306 malum,
1249 1243 1312 1290 et
1363 1233 1733 1298 Vernerlmz,

37 1339 119 1379 ex
192 1317 386 1380 altera
431 1342 586 1382 vero
640 1317 907 1403 conjuge
966 1322 1152 1378 Jacta
1213 1341 1321 1379 seu
1382 1320 1737 1396 Lmlgarclcz

40 1409 307 1483 Gaelplzi
352 1410 658 1470 Bavariae
697 1408 874 1469 ducis
921 1407 1044 1469 filia
1097 1410 1484 1467 Lucloviczcm
1516 1410 1579 1468 in
1617 1408 1738 1463 Im-

32 1496 212 1581 perio
251 1517 666 1558 successorem
711 1497 996 1581 suscepit.
1090 1499 1431 1578 Postquam
1479 1499 1735 1554 corollas

39 1587 309 1644 Crassus
346 1583 574 1646 throno
600 1585 968 1646 deturbatus
998 1599 1164 1657 erat,
1186 1588 1491 1645 successio
1530 1584 1738 1667 Impe-

32 1676 113 1733 rii
167 1673 247 1733 ad
285 1676 696 1751 Armdplmm
746 1674 946 1761 delata
982 1687 1110 1749 est⁷
1147 1673 1293 1732 licet
1337 1675 1589 1756 spurius
1644 1670 1740 1729 fu·-

39 1763 196 1836 erit,
243 1764 432 1844 (nam
473 1766 740 1824 Carolus
764 1766 1028 1840 simplex
1079 1765 1388 1822 chclom'ci
1422 1762 1616 1820 Balbi
1663 1759 1742 1818 fi-

29 1850 149 1911 lius
181 1865 329 1912 tunc
382 1852 631 1936 pupilus
670 1853 790 1913 sub
831 1851 1024 1913 tutela
1090 1854 1378 1930 ottonis,
1422 1862 1736 1910 annuente

27 1941 363 2018 Arnulplzo
391 1984 406 2012 ‚
449 1941 632 2002 titulo
665 1943 830 2026 regis
866 1940 1107 2001 Galliae
1144 1954 1437 2015 ornatu3‚
1474 1937 1580 2000 sed
1625 1940 1743 1996 im-

36 2030 197 2112 perii
242 2032 502 2113 incapax
548 2031 728 2112 erat.)
820 2031 944 2091 Hic
996 2031 1372 2107 Arnulplzzcs
1423 2042 1497 2089 ut
1549 2049 1615 2089 se
1668 2027 1734 2084 in

32 2117 312 2201 Imperio
348 2118 669 2193 firmaret,
693 2119 1038 2182 concedere
1082 2116 1463 2201 cogebatur,
1503 2131 1576 2176 ut
1614 2117 1744 2174 Be-

34 2212 376 2284 rengarias
424 2221 488 2268 et
558 2211 758 2267 Guido
819 2209 898 2269 de
966 2207 1142 2268 ltalia
1187 2206 1601 2270 decertarent.
1665 2201 1742 2281 c)

39 2296 192 2355 item
222 2309 294 2356 ut
328 2299 702 2374 Radolplms
748 2296 1221 2381 Burgundiam,
1267 2297 1334 2375 d)
1382 2297 1740 2355 Ludom'cas

40 2381 511 2446 Narbonensem
589 2383 855 2446 Galliam
893 2431 911 2462 ‚
978 2386 1054 2465 e)
1124 2389 1271 2444 Otto
1334 2384 1747 2469 Aquitaniam

1500 2473 1665 2554 regis

124 2662 196 2737 a)
234 2665 444 2736 Regino
480 2663 546 2716 ad
581 2683 666 2717 an.
710 2661 834 2721 887.
867 2673 920 2715 et
950 2661 1074 2720 888.
1111 2664 1272 2715 Ann..
1305 2662 1465 2719 Fuld.
1496 2681 1580 2734 ap.
1619 2662 1752 2714 Fre-

192 2737 310 2788 hcr.
357 2737 426 2788 ad
467 2753 553 2787 an.
591 2734 715 2790 887.
788 2732 862 2804 b)
903 2735 1218 2787 Munstcrus
1256 2735 1313 2785 in
1357 2732 1752 2803 Cosniograph.

190 2806 294 2864 fol.
334 2806 450 2859 773.
530 2805 594 2879 c)
636 2808 774 2858 Ann.
811 2805 969 2859 Fuld.
1009 2805 1217 2873 Regino
1268 2805 1336 2856 ad
1380 2823 1471 2862 an,
1504 2803 1624 2856 388.
1675 2804 1753 2853 si-

194 2877 314 2946 geb.
345 2876 560 2930 Gcmbl.
597 2875 867 2928 referunt.
887 2876 1274 2944 Borciigarium
1308 2876 1755 2944 Forojulicnsem,

194 2949 509 3001 Gnidonem
532 2949 728 3000 Decem
765 2947 1123 3016 spoletanum
1149 2944 1316 2998 fuisse
1339 2986 1352 3007 ‚
1391 2948 1484 3016 qui
1517 2964 1569 2995 sc
1604 2962 1753 3014 reges

191 3020 377 3072 Italiae
412 3019 686 3071 dicebant.
764 3018 840 3088 cl)
881 3018 1106 3089 Regino,
1149 3016 1216 3070 ad
1252 3016 1506 3072 eundem.
1547 3035 1636 3075 an.
1699 3015 1754 3087 e)

195 3095 337 3145 Anu.
378 3090 537 3150 Fuld.
574 3090 642 3147 ad
679 3109 763 3145 an.
801 3087 920 3146 888.
