2097 3726
389 138 421 194 5
434 157 461 191 2
473 159 505 186 ω
843 132 1145 186 Ῑ-Ιίείονίίι
1189 130 1448 204 Imperii

472 305 714 361 [sacius
782 303 871 358 II.
941 306 1261 364 restitutus
1327 324 1468 364 cum
1540 299 1667 361 filio
1727 305 1984 376 Alexio,

297 415 492 477 quum
533 409 825 473 expensas
875 389 1025 450 belli
1083 392 1339 452 Venetis
1391 392 1633 452 solvere
1675 411 1800 448 non
1844 413 1986 473 pos*

295 496 419 552 set,
467 481 583 561 ipsi
615 479 824 537 Latini
859 492 1052 539 totam
1085 481 1411 540 Graeciam
1435 477 1789 563 depraedati
1825 490 1986 553 sunt3

297 568 526 652 quibus
565 569 630 624 in
668 564 973 648 adjunctis
1007 567 1258 649 quidam
1296 572 1551 627 Alexizcs
1587 568 1985 642 Marsiplzlas

294 656 515 717 fraude
561 668 812 738 captum
860 653 1152 737 juvenem
1195 657 1486 715 Alexizcm
1542 653 1767 714 occidit
1812 667 1987 714 sexto

297 746 547 828 imperii
587 765 839 818 mense,
901 742 1074 825 cujus
1126 756 1303 826 pater
1361 747 1651 802 Isaac-ius
1696 763 1988 802 moerore

296 835 485 894 animi
525 831 863 892 contabuit.
910 835 1310 907 flficrsiplzlccs
1350 848 1553 893 autem
1592 830 1989 911 tyrannidem

296 919 626 994 invaden5‚
691 941 839 979 mox
880 920 1148 979 secundo
1191 921 1531 1000 tyrannidis
1575 941 1738 979 anno
1790 942 1823 976 a
1867 919 1990 977 La-

296 1014 440 1071 tinis
479 1008 756 1068 obsessus
795 1020 857 1067 et
904 1007 1148 1089 fugatus
1187 1021 1293 1068 est.
1366 1011 1507 1081 Quo
1547 1024 1828 1089 tempore
1868 1006 1989 1065 La-

292 1102 410 1160 tini
453 1097 772 1180 Principes
813 1098 1128 1155 communi
1167 1109 1316 1155 voto
1353 1096 1428 1154 ad
1464 1098 1812 1180 Imperium
1857 1095 1990 1154 ori-

295 1186 535 1258 entale‚
600 1183 680 1244 de
711 1207 937 1267 genere
980 1185 1346 1243 Latinorum
1386 1187 1770 1243 Bcclclzcirzum
1807 1183 1990 1240 Flan-

296 1277 468 1336 driae
512 1274 820 1332 Comitem
866 1270 1178 1345 evehunt,
1247 1284 1308 1331 et
1355 1273 1651 1334 Graeciae
1710 1275 1990 1354 Impera-

298 1381 501 1426 torem
536 1360 900 1420 salutarunt.
946 1384 995 1418 a.
1040 1360 1222 1419 1204.
1265 1359 1352 1438 cc)
1707 1416 1709 1418 ,

475 1453 825 1509 Βαῖείιιὶηιιε
866 1451 1142 1507 Latinus
1182 1450 1303 1508 suis
1338 1448 1802 1531 promotoribus
1841 1468 1985 1528 gra-

298 1558 428 1613 tuS,
474 1540 803 1613 Bonifizcio
845 1535 1443 1598 Thessalonicensem
1486 1535 1812 1610 ducatum,
1859 1539 1987 1597 Ve-

298 1630 456 1689 netis
497 1647 651 1686 vero
699 1623 994 1684 Candiam
1042 1628 1353 1684 concessit.
1428 1625 1562 1684 Sub
1616 1647 1691 1685 eo
1736 1621 1988 1684 Valachi

299 1719 531 1802 primas
596 1715 660 1769 in
724 1714 1046 1772 Graeciam
1104 1714 1483 1794 irruptiones
1545 1711 1872 1786 fecerunt,
1956 1733 1994 1768 a

300 1824 575 1889 quorum
633 1799 789 1859 duce
842 1803 1077 1858 Jocmne
1138 1804 1492 1859 Baldccilzzcs
1543 1815 1754 1885 captus
1810 1821 1996 1883 prae—

299 1893 497 1955 scissis
553 1888 839 1947 manibus
896 1901 957 1948 et
1010 1887 1272 1971 pedibus
1331 1891 1520 1948 miser
1580 1891 1817 1948 occisus
1860 1901 1986 1962 est,

298 2000 525 2062 corpus
577 1975 705 2058 ejus
761 1979 923 2035 inter
976 1976 1283 2059 pecudum
1339 1997 1471 2035 ossa
1527 1975 1786 2059 abjecit,
1859 1977 1994 2059 ipso

301 2068 622 2151 regiminis
675 2087 836 2123 anno
883 2067 1105 2147 primo.
1170 2066 1316 2123 Post
1358 2063 1531 2146 cujus
1578 2064 1828 2124 caedem
1869 2065 1996 2121 Im-

303 2159 551 2243 perium
590 2155 818 2237 partim
869 2176 903 2210 a
939 2151 1224 2214 Valachis
1250 2198 1266 2224 ‚
1326 2155 1554 2235 partim
1603 2152 1682 2210 ab
1721 2153 1855 2211 aliis
1892 2173 1995 2210 re-

303 2245 460 2328 gulis
508 2243 886 2325 discerptum
942 2255 1115 2313 erat,
1180 2239 1378 2300 donec
1434 2252 1575 2324 post
1626 2264 1823 2300 unum
1875 2263 1994 2297 an-

304 2356 456 2393 num
499 2334 847 2412 Imperator
891 2328 1118 2388 electus
1155 2329 1384 2388 suisset.
1432 2332 1753 2388 Hem‘z'czcs
1793 2329 1870 2404 h)

482 2422 831 2489 Ηεηνίοαε,
877 2420 1179 2476 Baldccim'
1222 2415 1415 2477 frater
1464 2421 1783 2476 communi
1825 2416 1998 2475 Lati-

304 2527 875 2569 norum'consensu
920 2506 1271 2588 Imperator
1328 2506 1583 2582 electus,
1661 2504 1994 2565 turbulen-

304 2612 442 2658 tum
493 2610 669 2657 antea
712 2597 1083 2678 imperium,
1147 2593 1539 2655 memorabili
1586 2593 1757 2654 clade
1802 2593 1994 2655 Vala-

1759 2680 1904 2742 chos

372 2862 443 2924 a)
482 2859 657 2910 Nicet.
697 2857 755 2908 in
783 2855 995 2909 Alexio.
1030 2855 1095 2908 L.
1133 2855 1184 2912 3.
1222 2864 1275 2907 et
1314 2855 1372 2907 in
1401 2855 1598 2906 Alexio
1633 2850 1800 2927 Duca.
1844 2847 1997 2926 Wil-

441 2927 666 3053 {pihffiglh
671 2947 754 3050 ΕΠ
761 2925 884 3055 0133.
924 2945 1034 2999 seq.
1074 2925 1139 2999 b)
1177 2928 1352 2981 Nicet.
1396 2925 1461 2978 de
1500 2928 1737 2998 Imperio
1773 2917 1994 2972 Baldui-
