<?xml version="1.0" encoding="UTF-8"?>
<!DOCTYPE html PUBLIC "-//W3C//DTD XHTML 1.0 Transitional//EN"
    "http://www.w3.org/TR/xhtml1/DTD/xhtml1-transitional.dtd">
<html xmlns="http://www.w3.org/1999/xhtml" xml:lang="en" lang="en">
 <head>
  <title>
</title>
<meta http-equiv="Content-Type" content="text/html;charset=utf-8" />
  <meta name='ocr-system' content='tesseract 3.04.00' />
  <meta name='ocr-capabilities' content='ocr_page ocr_carea ocr_par ocr_line ocrx_word'/>
</head>
<body>
  <div class='ocr_page' id='page_1' title='image "./historiauniversa02nagy_0274.png"; bbox 0 0 2097 3726; ppageno 0'>
   <div class='ocr_carea' id='block_1_1' title="bbox 409 193 2000 277">
    <p class='ocr_par' dir='ltr' id='par_1_1' title="bbox 409 193 2000 277">
     <span class='ocr_line' id='line_1_1' title="bbox 409 193 2000 277; baseline -0.002 -18"><span class='ocrx_word' id='word_1_1' title='bbox 409 198 485 259; x_wconf 74' lang='lat'>25</span> <span class='ocrx_word' id='word_1_2' title='bbox 499 219 531 257; x_wconf 83' lang='lat'><em>2</em></span> <span class='ocrx_word' id='word_1_3' title='bbox 557 198 778 255; x_wconf 77' lang='lat' dir='ltr'>Status</span> <span class='ocrx_word' id='word_1_4' title='bbox 803 193 1385 277; x_wconf 66' lang='lat' dir='ltr'>RetlgionisSeculo</span> <span class='ocrx_word' id='word_1_5' title='bbox 1409 198 1521 254; x_wconf 91' lang='lat' dir='ltr'>VI.</span> <span class='ocrx_word' id='word_1_6' title='bbox 1554 197 1706 253; x_wconf 91' lang='lat' dir='ltr'><em>VII.</em></span> <span class='ocrx_word' id='word_1_7' title='bbox 1726 210 1786 254; x_wconf 82' lang='lat' dir='ltr'>et</span> <span class='ocrx_word' id='word_1_8' title='bbox 1810 199 1872 254; x_wconf 89' lang='lat' dir='ltr'><em>V</em></span> <span class='ocrx_word' id='word_1_9' title='bbox 1874 197 2000 257; x_wconf 90' lang='lat' dir='ltr'><em>III.</em></span> 
     </span>
    </p>
   </div>
   <div class='ocr_carea' id='block_1_2' title="bbox 310 370 2015 3186">
    <p class='ocr_par' dir='ltr' id='par_1_2' title="bbox 310 370 2015 3186">
     <span class='ocr_line' id='line_1_2' title="bbox 312 370 2002 454; baseline -0.002 -25"><span class='ocrx_word' id='word_1_10' title='bbox 312 376 386 431; x_wconf 80' lang='lat' dir='ltr'>In</span> <span class='ocrx_word' id='word_1_11' title='bbox 467 373 804 430; x_wconf 80' lang='lat' dir='ltr'>Occidente.</span> <span class='ocrx_word' id='word_1_12' title='bbox 903 370 1169 454; x_wconf 80' lang='lat' dir='ltr'>Magnae</span> <span class='ocrx_word' id='word_1_13' title='bbox 1235 371 1374 432; x_wconf 90' lang='lat' dir='ltr'>illae</span> <span class='ocrx_word' id='word_1_14' title='bbox 1431 372 1808 431; x_wconf 85' lang='lat' dir='ltr'>mutationes</span> <span class='ocrx_word' id='word_1_15' title='bbox 1862 380 2002 453; x_wconf 89' lang='lat' dir='ltr'>post</span> 
     </span>
     <span class='ocr_line' id='line_1_3' title="bbox 316 456 1999 543; baseline -0.002 -25"><span class='ocrx_word' id='word_1_16' title='bbox 316 480 598 518; x_wconf 85' lang='lat' dir='ltr'>eversum</span> <span class='ocrx_word' id='word_1_17' title='bbox 630 482 743 543; x_wconf 90' lang='lat' dir='ltr'>per</span> <span class='ocrx_word' id='word_1_18' title='bbox 789 460 1136 518; x_wconf 74' lang='lat' dir='ltr'>Ocloaeram</span> <span class='ocrx_word' id='word_1_19' title='bbox 1169 463 1418 538; x_wconf 69' lang='lat' dir='ltr'>Rugum</span> <span class='ocrx_word' id='word_1_20' title='bbox 1463 456 1841 520; x_wconf 86' lang='lat' dir='ltr'>occidentale</span> <span class='ocrx_word' id='word_1_21' title='bbox 1873 462 1999 516; x_wconf 86' lang='lat' dir='ltr'>Im-</span> 
     </span>
     <span class='ocr_line' id='line_1_4' title="bbox 312 546 1998 632; baseline -0.002 -25"><span class='ocrx_word' id='word_1_22' title='bbox 312 549 595 631; x_wconf 80' lang='lat' dir='ltr'>perium,</span> <span class='ocrx_word' id='word_1_23' title='bbox 656 547 1062 607; x_wconf 86' lang='lat' dir='ltr'>funestissima</span> <span class='ocrx_word' id='word_1_24' title='bbox 1109 563 1389 632; x_wconf 88' lang='lat' dir='ltr'>tempora</span> <span class='ocrx_word' id='word_1_25' title='bbox 1436 546 1824 607; x_wconf 82' lang='lat' dir='ltr'>induxerunt</span> <span class='ocrx_word' id='word_1_26' title='bbox 1869 569 1998 608; x_wconf 83' lang='lat' dir='ltr'>non</span> 
     </span>
     <span class='ocr_line' id='line_1_5' title="bbox 312 635 2012 720; baseline 0 -29"><span class='ocrx_word' id='word_1_27' title='bbox 312 648 553 694; x_wconf 89' lang='lat' dir='ltr'>tantum</span> <span class='ocrx_word' id='word_1_28' title='bbox 609 635 815 718; x_wconf 85' lang='lat' dir='ltr'>quoad</span> <span class='ocrx_word' id='word_1_29' title='bbox 887 635 1128 695; x_wconf 84' lang='lat' dir='ltr'>Statum</span> <span class='ocrx_word' id='word_1_30' title='bbox 1199 637 1523 720; x_wconf 86' lang='lat' dir='ltr'>politicum</span> <span class='ocrx_word' id='word_1_31' title='bbox 1598 637 2012 716; x_wconf 76' lang='lat' dir='ltr'>Regnorum,</span> 
     </span>
     <span class='ocr_line' id='line_1_6' title="bbox 314 721 2004 806; baseline 0.001 -25"><span class='ocrx_word' id='word_1_32' title='bbox 314 723 418 783; x_wconf 83' lang='lat' dir='ltr'>sed</span> <span class='ocrx_word' id='word_1_33' title='bbox 490 725 674 783; x_wconf 89' lang='lat' dir='ltr'>etiam</span> <span class='ocrx_word' id='word_1_34' title='bbox 721 721 930 806; x_wconf 85' lang='lat' dir='ltr'>quoad</span> <span class='ocrx_word' id='word_1_35' title='bbox 991 725 1231 783; x_wconf 81' lang='lat' dir='ltr'>Statum</span> <span class='ocrx_word' id='word_1_36' title='bbox 1290 724 1629 805; x_wconf 79' lang='lat' dir='ltr'>Religionis</span> <span class='ocrx_word' id='word_1_37' title='bbox 1699 722 2004 782; x_wconf 81' lang='lat' dir='ltr'>Ecclesiae</span> 
     </span>
     <span class='ocr_line' id='line_1_7' title="bbox 311 811 2005 885; baseline -0.001 -15"><span class='ocrx_word' id='word_1_38' title='bbox 311 812 663 882; x_wconf 79' lang='lat' dir='ltr'>Romanae,</span> <span class='ocrx_word' id='word_1_39' title='bbox 746 834 892 871; x_wconf 88' lang='lat' dir='ltr'>nam</span> <span class='ocrx_word' id='word_1_40' title='bbox 954 815 1278 873; x_wconf 86' lang='lat' dir='ltr'>universus</span> <span class='ocrx_word' id='word_1_41' title='bbox 1333 812 1714 872; x_wconf 81' lang='lat' dir='ltr'>Christianus</span> <span class='ocrx_word' id='word_1_42' title='bbox 1772 811 2005 885; x_wconf 81' lang='lat' dir='ltr'>Orbis,</span> 
     </span>
     <span class='ocr_line' id='line_1_8' title="bbox 312 897 2010 982; baseline -0.001 -25"><span class='ocrx_word' id='word_1_43' title='bbox 312 900 426 958; x_wconf 84' lang='lat' dir='ltr'>sub</span> <span class='ocrx_word' id='word_1_44' title='bbox 487 897 946 961; x_wconf 81' lang='lat' dir='ltr'>haereticorum</span> <span class='ocrx_word' id='word_1_45' title='bbox 997 902 1360 982; x_wconf 81' lang='lat' dir='ltr'>Principum</span> <span class='ocrx_word' id='word_1_46' title='bbox 1441 899 1716 962; x_wconf 88' lang='lat' dir='ltr'>dominio</span> <span class='ocrx_word' id='word_1_47' title='bbox 1778 900 2010 958; x_wconf 87' lang='lat' dir='ltr'>consti-</span> 
     </span>
     <span class='ocr_line' id='line_1_9' title="bbox 312 987 2010 1071; baseline 0.001 -27"><span class='ocrx_word' id='word_1_48' title='bbox 312 998 518 1062; x_wconf 83' lang='lat' dir='ltr'>tutus,</span> <span class='ocrx_word' id='word_1_49' title='bbox 559 987 831 1047; x_wconf 46' lang='lat' dir='ltr'>‘nullum</span> <span class='ocrx_word' id='word_1_50' title='bbox 870 988 1050 1071; x_wconf 86' lang='lat' dir='ltr'>plane</span> <span class='ocrx_word' id='word_1_51' title='bbox 1095 989 1499 1050; x_wconf 76' lang='lat' dir='ltr'>Orthodoxae</span> <span class='ocrx_word' id='word_1_52' title='bbox 1548 989 1862 1070; x_wconf 80' lang='lat' dir='ltr'>Religioni</span> <span class='ocrx_word' id='word_1_53' title='bbox 1917 1009 2010 1046; x_wconf 85' lang='lat' dir='ltr'>as·-</span> 
     </span>
     <span class='ocr_line' id='line_1_10' title="bbox 311 1075 2006 1161; baseline -0.001 -26"><span class='ocrx_word' id='word_1_54' title='bbox 311 1076 535 1135; x_wconf 83' lang='lat' dir='ltr'>seclam</span> <span class='ocrx_word' id='word_1_55' title='bbox 577 1078 849 1157; x_wconf 78' lang='lat' dir='ltr'>Regem,</span> <span class='ocrx_word' id='word_1_56' title='bbox 897 1076 1082 1134; x_wconf 86' lang='lat' dir='ltr'>alicui</span> <span class='ocrx_word' id='word_1_57' title='bbox 1123 1075 1338 1137; x_wconf 86' lang='lat' dir='ltr'>saltem</span> <span class='ocrx_word' id='word_1_58' title='bbox 1375 1100 1603 1160; x_wconf 87' lang='lat' dir='ltr'>parvae</span> <span class='ocrx_word' id='word_1_59' title='bbox 1642 1077 2006 1161; x_wconf 81' lang='lat' dir='ltr'>provinciae</span> 
     </span>
     <span class='ocr_line' id='line_1_11' title="bbox 313 1161 2009 1226; baseline -0.001 -5"><span class='ocrx_word' id='word_1_60' title='bbox 313 1163 738 1225; x_wconf 84' lang='lat' dir='ltr'>dominantem</span> <span class='ocrx_word' id='word_1_61' title='bbox 793 1161 1024 1222; x_wconf 87' lang='lat' dir='ltr'>habuit.</span> <span class='ocrx_word' id='word_1_62' title='bbox 1127 1165 1287 1224; x_wconf 87' lang='lat' dir='ltr'>Nam</span> <span class='ocrx_word' id='word_1_63' title='bbox 1334 1165 1660 1226; x_wconf 86' lang='lat' dir='ltr'>interfecto</span> <span class='ocrx_word' id='word_1_64' title='bbox 1729 1169 2009 1224; x_wconf 75' lang='lat' dir='ltr'>Odocccro</span> 
     </span>
     <span class='ocr_line' id='line_1_12' title="bbox 311 1251 2009 1335; baseline 0 -26"><span class='ocrx_word' id='word_1_65' title='bbox 311 1275 412 1310; x_wconf 82' lang='lat' dir='ltr'>an.</span> <span class='ocrx_word' id='word_1_66' title='bbox 463 1255 603 1334; x_wconf 78' lang='lat'>495.</span> <span class='ocrx_word' id='word_1_67' title='bbox 658 1253 945 1312; x_wconf 85' lang='lat' dir='ltr'>successit</span> <span class='ocrx_word' id='word_1_68' title='bbox 991 1254 1451 1335; x_wconf 82' lang='lat' dir='ltr'>potentissimus</span> <span class='ocrx_word' id='word_1_69' title='bbox 1488 1251 2009 1335; x_wconf 80' lang='lat' dir='ltr'>Ostrogothorum</span> 
     </span>
     <span class='ocr_line' id='line_1_13' title="bbox 310 1338 2011 1422; baseline 0.001 -23"><span class='ocrx_word' id='word_1_70' title='bbox 310 1342 449 1400; x_wconf 75' lang='lat' dir='ltr'>Rex</span> <span class='ocrx_word' id='word_1_71' title='bbox 494 1344 934 1415; x_wconf 60' lang='lat' dir='ltr'>Theodosio-253,</span> <span class='ocrx_word' id='word_1_72' title='bbox 982 1344 1092 1422; x_wconf 84' lang='lat' dir='ltr'>qui</span> <span class='ocrx_word' id='word_1_73' title='bbox 1125 1341 1405 1415; x_wconf 84' lang='lat' dir='ltr'>Italiam,</span> <span class='ocrx_word' id='word_1_74' title='bbox 1455 1341 1759 1416; x_wconf 86' lang='lat' dir='ltr'>Siciliam,</span> <span class='ocrx_word' id='word_1_75' title='bbox 1808 1338 2011 1400; x_wconf 86' lang='lat' dir='ltr'>Rhae-</span> 
     </span>
     <span class='ocr_line' id='line_1_14' title="bbox 313 1430 2011 1512; baseline 0.001 -25"><span class='ocrx_word' id='word_1_76' title='bbox 313 1431 497 1499; x_wconf 82' lang='lat' dir='ltr'>tiam,</span> <span class='ocrx_word' id='word_1_77' title='bbox 546 1430 881 1503; x_wconf 85' lang='lat' dir='ltr'>Noricum,</span> <span class='ocrx_word' id='word_1_78' title='bbox 943 1430 1342 1503; x_wconf 84' lang='lat' dir='ltr'>Dalmatiam,</span> <span class='ocrx_word' id='word_1_79' title='bbox 1392 1431 1755 1512; x_wconf 85' lang='lat' dir='ltr'>vicinasque</span> <span class='ocrx_word' id='word_1_80' title='bbox 1805 1430 2011 1510; x_wconf 79' lang='lat' dir='ltr'>regio-</span> 
     </span>
     <span class='ocr_line' id='line_1_15' title="bbox 313 1517 2015 1602; baseline 0.001 -27"><span class='ocrx_word' id='word_1_81' title='bbox 313 1540 452 1592; x_wconf 85' lang='lat' dir='ltr'>nes,</span> <span class='ocrx_word' id='word_1_82' title='bbox 499 1532 568 1575; x_wconf 90' lang='lat' dir='ltr'>ut</span> <span class='ocrx_word' id='word_1_83' title='bbox 603 1518 876 1576; x_wconf 85' lang='lat' dir='ltr'>Arianus</span> <span class='ocrx_word' id='word_1_84' title='bbox 913 1521 1273 1602; x_wconf 83' lang='lat' dir='ltr'>occupavit,</span> <span class='ocrx_word' id='word_1_85' title='bbox 1312 1520 1580 1576; x_wconf 77' lang='lat' dir='ltr'>Galliam</span> <span class='ocrx_word' id='word_1_86' title='bbox 1617 1517 2015 1601; x_wconf 40' lang='lat' dir='ltr'>Burgundio*</span> 
     </span>
     <span class='ocr_line' id='line_1_16' title="bbox 311 1603 2014 1688; baseline 0.001 -25"><span class='ocrx_word' id='word_1_87' title='bbox 311 1628 420 1665; x_wconf 86' lang='lat' dir='ltr'>nes</span> <span class='ocrx_word' id='word_1_88' title='bbox 460 1617 520 1665; x_wconf 90' lang='lat' dir='ltr'>et</span> <span class='ocrx_word' id='word_1_89' title='bbox 552 1603 741 1664; x_wconf 84' lang='lat' dir='ltr'>Gothi</span> <span class='ocrx_word' id='word_1_90' title='bbox 779 1605 1036 1680; x_wconf 88' lang='lat' dir='ltr'>Ariani,</span> <span class='ocrx_word' id='word_1_91' title='bbox 1108 1609 1252 1666; x_wconf 90' lang='lat' dir='ltr'>item</span> <span class='ocrx_word' id='word_1_92' title='bbox 1292 1608 1513 1665; x_wconf 82' lang='lat' dir='ltr'>Franci</span> <span class='ocrx_word' id='word_1_93' title='bbox 1565 1604 1765 1665; x_wconf 88' lang='lat' dir='ltr'>adhuc</span> <span class='ocrx_word' id='word_1_94' title='bbox 1814 1607 2014 1688; x_wconf 80' lang='lat' dir='ltr'>genti-</span> 
     </span>
     <span class='ocr_line' id='line_1_17' title="bbox 316 1692 2010 1777; baseline 0 -27"><span class='ocrx_word' id='word_1_95' title='bbox 316 1692 404 1753; x_wconf 87' lang='lat' dir='ltr'>les</span> <span class='ocrx_word' id='word_1_96' title='bbox 444 1695 654 1775; x_wconf 84' lang='lat' dir='ltr'>partiti</span> <span class='ocrx_word' id='word_1_97' title='bbox 699 1707 856 1752; x_wconf 85' lang='lat' dir='ltr'>sunt.</span> <span class='ocrx_word' id='word_1_98' title='bbox 906 1697 1232 1769; x_wconf 75' lang='lat' dir='ltr'>IIispania</span> <span class='ocrx_word' id='word_1_99' title='bbox 1270 1698 1506 1777; x_wconf 88' lang='lat' dir='ltr'>pariter</span> <span class='ocrx_word' id='word_1_100' title='bbox 1546 1692 1782 1754; x_wconf 85' lang='lat' dir='ltr'>Gothos</span> <span class='ocrx_word' id='word_1_101' title='bbox 1826 1693 2010 1752; x_wconf 84' lang='lat' dir='ltr'>Aria-</span> 
     </span>
     <span class='ocr_line' id='line_1_18' title="bbox 316 1780 2013 1863; baseline -0.001 -22"><span class='ocrx_word' id='word_1_102' title='bbox 316 1803 427 1841; x_wconf 89' lang='lat' dir='ltr'>nos</span> <span class='ocrx_word' id='word_1_103' title='bbox 451 1780 732 1839; x_wconf 90' lang='lat' dir='ltr'>dominos</span> <span class='ocrx_word' id='word_1_104' title='bbox 770 1780 1164 1862; x_wconf 86' lang='lat' dir='ltr'>patiebatur,</span> <span class='ocrx_word' id='word_1_105' title='bbox 1206 1787 1434 1858; x_wconf 75' lang='lat' dir='ltr'>Africa</span> <span class='ocrx_word' id='word_1_106' title='bbox 1468 1783 1778 1842; x_wconf 88' lang='lat' dir='ltr'>Vandalos</span> <span class='ocrx_word' id='word_1_107' title='bbox 1813 1803 2013 1863; x_wconf 86' lang='lat' dir='ltr'>aeque</span> 
     </span>
     <span class='ocr_line' id='line_1_19' title="bbox 317 1868 2009 1953; baseline -0.001 -25"><span class='ocrx_word' id='word_1_108' title='bbox 317 1869 621 1940; x_wconf 87' lang='lat' dir='ltr'>Arianos,</span> <span class='ocrx_word' id='word_1_109' title='bbox 658 1868 975 1928; x_wconf 86' lang='lat' dir='ltr'>Orientale</span> <span class='ocrx_word' id='word_1_110' title='bbox 1013 1891 1172 1930; x_wconf 87' lang='lat' dir='ltr'>vero</span> <span class='ocrx_word' id='word_1_111' title='bbox 1215 1874 1577 1930; x_wconf 86' lang='lat' dir='ltr'>universum</span> <span class='ocrx_word' id='word_1_112' title='bbox 1625 1871 1968 1953; x_wconf 84' lang='lat' dir='ltr'>Imperium</span> <span class='ocrx_word' id='word_1_113' title='bbox 1993 1914 2009 1942; x_wconf 95' lang='lat'>,</span> 
     </span>
     <span class='ocr_line' id='line_1_20' title="bbox 319 1954 2011 2040; baseline -0.001 -25"><span class='ocrx_word' id='word_1_114' title='bbox 319 1961 622 2016; x_wconf 79' lang='lat' dir='ltr'>Zenonem</span> <span class='ocrx_word' id='word_1_115' title='bbox 689 1954 1142 2037; x_wconf 80' lang='lat' dir='ltr'>Eutychianum</span> <span class='ocrx_word' id='word_1_116' title='bbox 1198 1955 1599 2024; x_wconf 78' lang='lat' dir='ltr'>haereticum,</span> <span class='ocrx_word' id='word_1_117' title='bbox 1649 1960 1705 2016; x_wconf 95' lang='lat' dir='ltr'><strong>A</strong></span> <span class='ocrx_word' id='word_1_118' title='bbox 1784 1958 2011 2040; x_wconf 85' lang='lat' dir='ltr'>quibus</span> 
     </span>
     <span class='ocr_line' id='line_1_21' title="bbox 319 2044 2014 2127; baseline -0.001 -23"><span class='ocrx_word' id='word_1_119' title='bbox 319 2046 608 2105; x_wconf 87' lang='lat' dir='ltr'>omnibus</span> <span class='ocrx_word' id='word_1_120' title='bbox 635 2089 650 2117; x_wconf 89' lang='lat'>,</span> <span class='ocrx_word' id='word_1_121' title='bbox 700 2047 1001 2127; x_wconf 86' lang='lat' dir='ltr'>imprimis</span> <span class='ocrx_word' id='word_1_122' title='bbox 1038 2044 1360 2105; x_wconf 81' lang='lat' dir='ltr'>autemin</span> <span class='ocrx_word' id='word_1_123' title='bbox 1401 2046 1614 2105; x_wconf 86' lang='lat' dir='ltr'>Africa</span> <span class='ocrx_word' id='word_1_124' title='bbox 1650 2047 1729 2105; x_wconf 89' lang='lat' dir='ltr'>ab</span> <span class='ocrx_word' id='word_1_125' title='bbox 1774 2049 2014 2104; x_wconf 69' lang='lat' dir='ltr'>Itl‘zmze-</span> 
     </span>
     <span class='ocr_line' id='line_1_22' title="bbox 322 2132 2012 2216; baseline 0 -24"><span class='ocrx_word' id='word_1_126' title='bbox 322 2139 452 2192; x_wconf 83' lang='lat' dir='ltr'>rico</span> <span class='ocrx_word' id='word_1_127' title='bbox 514 2134 754 2192; x_wconf 84' lang='lat' dir='ltr'>Ariano</span> <span class='ocrx_word' id='word_1_128' title='bbox 816 2132 1243 2194; x_wconf 85' lang='lat' dir='ltr'>Vandalorum</span> <span class='ocrx_word' id='word_1_129' title='bbox 1310 2154 1501 2216; x_wconf 76' lang='lat' dir='ltr'>rege,</span> <span class='ocrx_word' id='word_1_130' title='bbox 1591 2133 2012 2194; x_wconf 84' lang='lat' dir='ltr'>crudelissima</span> 
     </span>
     <span class='ocr_line' id='line_1_23' title="bbox 321 2219 2014 2306; baseline -0.004 -21"><span class='ocrx_word' id='word_1_131' title='bbox 321 2223 669 2306; x_wconf 81' lang='lat' dir='ltr'>persecutio</span> <span class='ocrx_word' id='word_1_132' title='bbox 723 2224 787 2278; x_wconf 92' lang='lat' dir='ltr'>in</span> <span class='ocrx_word' id='word_1_133' title='bbox 841 2220 1238 2283; x_wconf 86' lang='lat' dir='ltr'>Orthodoxos</span> <span class='ocrx_word' id='word_1_134' title='bbox 1289 2223 1409 2281; x_wconf 87' lang='lat' dir='ltr'>fuit</span> <span class='ocrx_word' id='word_1_135' title='bbox 1458 2237 1773 2304; x_wconf 77' lang='lat' dir='ltr'>suscepta,</span> <span class='ocrx_word' id='word_1_136' title='bbox 1839 2219 2014 2302; x_wconf 84' lang='lat' dir='ltr'>cujus</span> 
     </span>
     <span class='ocr_line' id='line_1_24' title="bbox 325 2311 2015 2392; baseline -0.001 -22"><span class='ocrx_word' id='word_1_137' title='bbox 325 2313 501 2370; x_wconf 89' lang='lat' dir='ltr'>initio</span> <span class='ocrx_word' id='word_1_138' title='bbox 562 2312 928 2392; x_wconf 83' lang='lat' dir='ltr'>quicunque</span> <span class='ocrx_word' id='word_1_139' title='bbox 1000 2312 1062 2368; x_wconf 91' lang='lat' dir='ltr'>in</span> <span class='ocrx_word' id='word_1_140' title='bbox 1145 2311 1376 2370; x_wconf 84' lang='lat' dir='ltr'>Palatio</span> <span class='ocrx_word' id='word_1_141' title='bbox 1439 2311 1825 2384; x_wconf 80' lang='lat' dir='ltr'>militarent,</span> <span class='ocrx_word' id='word_1_142' title='bbox 1909 2322 2015 2369; x_wconf 82' lang='lat' dir='ltr'>aut</span> 
     </span>
     <span class='ocr_line' id='line_1_25' title="bbox 323 2397 2012 2483; baseline -0.001 -26"><span class='ocrx_word' id='word_1_143' title='bbox 323 2399 587 2483; x_wconf 86' lang='lat' dir='ltr'>publicis</span> <span class='ocrx_word' id='word_1_144' title='bbox 628 2397 1037 2479; x_wconf 79' lang='lat' dir='ltr'>fungerentur</span> <span class='ocrx_word' id='word_1_145' title='bbox 1080 2402 1321 2472; x_wconf 80' lang='lat' dir='ltr'>officii5‚</span> <span class='ocrx_word' id='word_1_146' title='bbox 1363 2397 1505 2479; x_wconf 83' lang='lat' dir='ltr'>jussi</span> <span class='ocrx_word' id='word_1_147' title='bbox 1544 2412 1690 2458; x_wconf 90' lang='lat' dir='ltr'>sunt</span> <span class='ocrx_word' id='word_1_148' title='bbox 1712 2398 2012 2458; x_wconf 84' lang='lat' dir='ltr'>Arianam</span> 
     </span>
     <span class='ocr_line' id='line_1_26' title="bbox 320 2486 2013 2569; baseline -0.002 -22"><span class='ocrx_word' id='word_1_149' title='bbox 320 2490 698 2569; x_wconf 84' lang='lat' dir='ltr'>impietatem</span> <span class='ocrx_word' id='word_1_150' title='bbox 735 2486 1037 2569; x_wconf 76' lang='lat' dir='ltr'>profiteri.</span> <span class='ocrx_word' id='word_1_151' title='bbox 1078 2486 1318 2549; x_wconf 84' lang='lat' dir='ltr'>Deinde</span> <span class='ocrx_word' id='word_1_152' title='bbox 1349 2489 1668 2569; x_wconf 81' lang='lat' dir='ltr'>inquisitio</span> <span class='ocrx_word' id='word_1_153' title='bbox 1709 2487 1773 2545; x_wconf 91' lang='lat' dir='ltr'>in</span> <span class='ocrx_word' id='word_1_154' title='bbox 1806 2505 2013 2546; x_wconf 87' lang='lat' dir='ltr'>mores</span> 
     </span>
     <span class='ocr_line' id='line_1_27' title="bbox 325 2573 2010 2659; baseline 0 -23"><span class='ocrx_word' id='word_1_155' title='bbox 325 2573 784 2636; x_wconf 85' lang='lat' dir='ltr'>Catholicorum</span> <span class='ocrx_word' id='word_1_156' title='bbox 844 2577 1337 2659; x_wconf 86' lang='lat' dir='ltr'>Episcoporum,</span> <span class='ocrx_word' id='word_1_157' title='bbox 1403 2575 1748 2636; x_wconf 86' lang='lat' dir='ltr'>dirissimae</span> <span class='ocrx_word' id='word_1_158' title='bbox 1810 2596 2010 2656; x_wconf 88' lang='lat' dir='ltr'>quae-</span> 
     </span>
     <span class='ocr_line' id='line_1_28' title="bbox 322 2662 2015 2749; baseline -0.002 -23"><span class='ocrx_word' id='word_1_159' title='bbox 322 2667 550 2726; x_wconf 87' lang='lat' dir='ltr'>stiones</span> <span class='ocrx_word' id='word_1_160' title='bbox 582 2662 826 2724; x_wconf 87' lang='lat' dir='ltr'>habitae</span> <span class='ocrx_word' id='word_1_161' title='bbox 860 2664 935 2723; x_wconf 90' lang='lat' dir='ltr'>de</span> <span class='ocrx_word' id='word_1_162' title='bbox 981 2664 1193 2725; x_wconf 82' lang='lat' dir='ltr'>velatis</span> <span class='ocrx_word' id='word_1_163' title='bbox 1232 2664 1612 2749; x_wconf 80' lang='lat' dir='ltr'>virginibus,</span> <span class='ocrx_word' id='word_1_164' title='bbox 1681 2664 1857 2745; x_wconf 83' lang='lat' dir='ltr'>quasi</span> <span class='ocrx_word' id='word_1_165' title='bbox 1898 2664 2015 2722; x_wconf 89' lang='lat' dir='ltr'>im-</span> 
     </span>
     <span class='ocr_line' id='line_1_29' title="bbox 323 2752 2009 2838; baseline -0.002 -26"><span class='ocrx_word' id='word_1_166' title='bbox 323 2752 546 2838; x_wconf 89' lang='lat' dir='ltr'>pudice</span> <span class='ocrx_word' id='word_1_167' title='bbox 600 2774 740 2811; x_wconf 85' lang='lat' dir='ltr'>cum</span> <span class='ocrx_word' id='word_1_168' title='bbox 789 2752 1210 2814; x_wconf 88' lang='lat' dir='ltr'>sacerdotibus</span> <span class='ocrx_word' id='word_1_169' title='bbox 1275 2775 1457 2836; x_wconf 83' lang='lat' dir='ltr'>agere</span> <span class='ocrx_word' id='word_1_170' title='bbox 1511 2753 2009 2815; x_wconf 74' lang='lat' dir='ltr'>consvevissent:</span> 
     </span>
     <span class='ocr_line' id='line_1_30' title="bbox 326 2836 2010 2926; baseline -0.002 -25"><span class='ocrx_word' id='word_1_171' title='bbox 326 2864 525 2926; x_wconf 83' lang='lat' dir='ltr'>quum</span> <span class='ocrx_word' id='word_1_172' title='bbox 561 2863 714 2901; x_wconf 84' lang='lat' dir='ltr'>vero</span> <span class='ocrx_word' id='word_1_173' title='bbox 756 2840 907 2901; x_wconf 89' lang='lat' dir='ltr'>nihil</span> <span class='ocrx_word' id='word_1_174' title='bbox 949 2843 1277 2901; x_wconf 85' lang='lat' dir='ltr'>inventum</span> <span class='ocrx_word' id='word_1_175' title='bbox 1323 2842 1573 2912; x_wconf 84' lang='lat' dir='ltr'>fuisset,</span> <span class='ocrx_word' id='word_1_176' title='bbox 1634 2853 1852 2923; x_wconf 87' lang='lat' dir='ltr'>aperto</span> <span class='ocrx_word' id='word_1_177' title='bbox 1911 2836 2010 2897; x_wconf 91' lang='lat' dir='ltr'>fu·-</span> 
     </span>
     <span class='ocr_line' id='line_1_31' title="bbox 325 2925 2012 3011; baseline -0.004 -21"><span class='ocrx_word' id='word_1_178' title='bbox 325 2952 470 2990; x_wconf 86' lang='lat' dir='ltr'>rore</span> <span class='ocrx_word' id='word_1_179' title='bbox 508 2931 682 2990; x_wconf 85' lang='lat' dir='ltr'>virus</span> <span class='ocrx_word' id='word_1_180' title='bbox 721 2928 1107 3006; x_wconf 85' lang='lat' dir='ltr'>effuderunt,</span> <span class='ocrx_word' id='word_1_181' title='bbox 1152 2930 1361 2990; x_wconf 87' lang='lat' dir='ltr'>traditi</span> <span class='ocrx_word' id='word_1_182' title='bbox 1395 2949 1618 3011; x_wconf 88' lang='lat' dir='ltr'>nempe</span> <span class='ocrx_word' id='word_1_183' title='bbox 1650 2941 1795 2986; x_wconf 87' lang='lat' dir='ltr'>sunt</span> <span class='ocrx_word' id='word_1_184' title='bbox 1827 2925 2012 2985; x_wconf 81' lang='lat' dir='ltr'>Chri-</span> 
     </span>
     <span class='ocr_line' id='line_1_32' title="bbox 323 3013 2012 3098; baseline -0.004 -18"><span class='ocrx_word' id='word_1_185' title='bbox 323 3020 510 3080; x_wconf 82' lang='lat' dir='ltr'>stiani</span> <span class='ocrx_word' id='word_1_186' title='bbox 568 3019 808 3080; x_wconf 79' lang='lat' dir='ltr'>Mauris</span> <span class='ocrx_word' id='word_1_187' title='bbox 861 3020 926 3081; x_wconf 91' lang='lat' dir='ltr'>in</span> <span class='ocrx_word' id='word_1_188' title='bbox 972 3018 1296 3082; x_wconf 77' lang='lat' dir='ltr'>desertum</span> <span class='ocrx_word' id='word_1_189' title='bbox 1349 3013 1667 3093; x_wconf 71' lang='lat' dir='ltr'>trahendi,</span> <span class='ocrx_word' id='word_1_190' title='bbox 1733 3036 1810 3075; x_wconf 82' lang='lat' dir='ltr'>ex</span> <span class='ocrx_word' id='word_1_191' title='bbox 1866 3017 2012 3098; x_wconf 82' lang='lat' dir='ltr'>Epi-</span> 
     </span>
     <span class='ocr_line' id='line_1_33' title="bbox 1688 3124 1926 3186; baseline -0.013 -22"><span class='ocrx_word' id='word_1_192' title='bbox 1688 3124 1885 3186; x_wconf 80' lang='lat' dir='ltr'>scopls</span> <span class='ocrx_word' id='word_1_193' title='bbox 1910 3148 1926 3177; x_wconf 93' lang='lat'>,</span> 
     </span>
    </p>
   </div>
  </div>
 </body>
</html>
