<?xml version="1.0" encoding="UTF-8"?>
<!DOCTYPE html PUBLIC "-//W3C//DTD XHTML 1.0 Transitional//EN"
    "http://www.w3.org/TR/xhtml1/DTD/xhtml1-transitional.dtd">
<html xmlns="http://www.w3.org/1999/xhtml" xml:lang="en" lang="en">
 <head>
  <title>
</title>
<meta http-equiv="Content-Type" content="text/html;charset=utf-8" />
  <meta name='ocr-system' content='tesseract 3.04.00' />
  <meta name='ocr-capabilities' content='ocr_page ocr_carea ocr_par ocr_line ocrx_word'/>
</head>
<body>
  <div class='ocr_page' id='page_1' title='image "./historiauniversa02nagy_0552.png"; bbox 0 0 2097 3726; ppageno 0'>
   <div class='ocr_carea' id='block_1_1' title="bbox 464 210 1514 291">
    <p class='ocr_par' dir='ltr' id='par_1_1' title="bbox 464 210 1514 291">
     <span class='ocr_line' id='line_1_1' title="bbox 464 210 1514 291; baseline -0.025 0"><span class='ocrx_word' id='word_1_1' title='bbox 464 231 583 291; x_wconf 80' lang='lat'>552</span> <span class='ocrx_word' id='word_1_2' title='bbox 902 218 1208 274; x_wconf 78' lang='lat' dir='ltr'>Historia</span> <span class='ocrx_word' id='word_1_3' title='bbox 1253 210 1514 288; x_wconf 78' lang='lat' dir='ltr'>Imperii</span> 
     </span>
    </p>
   </div>
   <div class='ocr_carea' id='block_1_2' title="bbox 340 380 2095 3183">
    <p class='ocr_par' dir='ltr' id='par_1_2' title="bbox 340 380 2095 3183">
     <span class='ocr_line' id='line_1_2' title="bbox 370 380 2038 482; baseline -0.014 -19"><span class='ocrx_word' id='word_1_4' title='bbox 370 398 798 482; x_wconf 82' lang='lat' dir='ltr'>Hispaniarum</span> <span class='ocrx_word' id='word_1_5' title='bbox 829 389 1014 472; x_wconf 79' lang='lat' dir='ltr'>Regis</span> <span class='ocrx_word' id='word_1_6' title='bbox 1052 388 1280 462; x_wconf 74' lang='lat' dir='ltr'>filiam,</span> <span class='ocrx_word' id='word_1_7' title='bbox 1327 408 1403 447; x_wconf 77' lang='lat' dir='ltr'>ex</span> <span class='ocrx_word' id='word_1_8' title='bbox 1444 404 1566 466; x_wconf 84' lang='lat' dir='ltr'>qua</span> <span class='ocrx_word' id='word_1_9' title='bbox 1605 382 1874 463; x_wconf 82' lang='lat' dir='ltr'>suscepit</span> <span class='ocrx_word' id='word_1_10' title='bbox 1917 380 2038 440; x_wconf 83' lang='lat' dir='ltr'>fili.-</span> 
     </span>
     <span class='ocr_line' id='line_1_3' title="bbox 368 470 2038 553; baseline -0.014 -3"><span class='ocrx_word' id='word_1_11' title='bbox 368 512 463 550; x_wconf 90' lang='lat' dir='ltr'>am</span> <span class='ocrx_word' id='word_1_12' title='bbox 514 488 603 544; x_wconf 86' lang='lat' dir='ltr'>M.</span> <span class='ocrx_word' id='word_1_13' title='bbox 675 482 1031 541; x_wconf 76' lang='lat' dir='ltr'>Theresiam</span> <span class='ocrx_word' id='word_1_14' title='bbox 1076 477 1350 533; x_wconf 79' lang='lat' dir='ltr'>Antonio</span> <span class='ocrx_word' id='word_1_15' title='bbox 1395 471 1697 531; x_wconf 80' lang='lat' dir='ltr'>Saxoniae</span> <span class='ocrx_word' id='word_1_16' title='bbox 1759 470 2038 553; x_wconf 86' lang='lat' dir='ltr'>Principi</span> 
     </span>
     <span class='ocr_line' id='line_1_4' title="bbox 365 557 2040 658; baseline -0.012 -22"><span class='ocrx_word' id='word_1_17' title='bbox 365 588 644 658; x_wconf 82' lang='lat' dir='ltr'>nuptam:</span> <span class='ocrx_word' id='word_1_18' title='bbox 686 568 823 628; x_wconf 89' lang='lat' dir='ltr'>dein</span> <span class='ocrx_word' id='word_1_19' title='bbox 881 563 1078 623; x_wconf 88' lang='lat' dir='ltr'>filium</span> <span class='ocrx_word' id='word_1_20' title='bbox 1121 561 1303 622; x_wconf 88' lang='lat' dir='ltr'>hodie</span> <span class='ocrx_word' id='word_1_21' title='bbox 1355 557 1812 620; x_wconf 86' lang='lat' dir='ltr'>Gloriosissime</span> <span class='ocrx_word' id='word_1_22' title='bbox 1895 579 2040 640; x_wconf 82' lang='lat' dir='ltr'>reg-</span> 
     </span>
     <span class='ocr_line' id='line_1_5' title="bbox 366 648 2042 729; baseline -0.011 -6"><span class='ocrx_word' id='word_1_23' title='bbox 366 677 614 723; x_wconf 83' lang='lat' dir='ltr'>nantem</span> <span class='ocrx_word' id='word_1_24' title='bbox 653 657 1057 715; x_wconf 71' lang='lat' dir='ltr'>Fratzcisczcm</span> <span class='ocrx_word' id='word_1_25' title='bbox 1099 655 1125 709; x_wconf 94' lang='lat' dir='ltr'>I</span> <span class='ocrx_word' id='word_1_26' title='bbox 1172 650 1460 709; x_wconf 86' lang='lat' dir='ltr'>Austriae</span> <span class='ocrx_word' id='word_1_27' title='bbox 1498 648 1949 729; x_wconf 81' lang='lat' dir='ltr'><strong>Imperatorem</strong></span> <span class='ocrx_word' id='word_1_28' title='bbox 1978 657 2042 706; x_wconf 83' lang='lat' dir='ltr'>et</span> 
     </span>
     <span class='ocr_line' id='line_1_6' title="bbox 361 736 2040 830; baseline -0.011 -20"><span class='ocrx_word' id='word_1_29' title='bbox 361 747 713 830; x_wconf 81' lang='lat' dir='ltr'>Hungariae</span> <span class='ocrx_word' id='word_1_30' title='bbox 749 763 816 801; x_wconf 87' lang='lat' dir='ltr'>ac</span> <span class='ocrx_word' id='word_1_31' title='bbox 861 740 1185 800; x_wconf 87' lang='lat' dir='ltr'>Bohemiae</span> <span class='ocrx_word' id='word_1_32' title='bbox 1250 759 1477 819; x_wconf 80' lang='lat' dir='ltr'>regem.</span> <span class='ocrx_word' id='word_1_33' title='bbox 1548 768 1636 779; x_wconf 93' lang='lat'>-—-</span> <span class='ocrx_word' id='word_1_34' title='bbox 1687 736 2040 793; x_wconf 78' lang='lat' dir='ltr'>Ferdinan-</span> 
     </span>
     <span class='ocr_line' id='line_1_7' title="bbox 360 824 2038 896; baseline -0.009 -1"><span class='ocrx_word' id='word_1_35' title='bbox 360 844 499 896; x_wconf 75' lang='lat' dir='ltr'>(lum</span> <span class='ocrx_word' id='word_1_36' title='bbox 541 831 872 893; x_wconf 86' lang='lat' dir='ltr'>Hetruriae</span> <span class='ocrx_word' id='word_1_37' title='bbox 912 827 1142 886; x_wconf 88' lang='lat' dir='ltr'>ducem.</span> <span class='ocrx_word' id='word_1_38' title='bbox 1190 860 1273 870; x_wconf 90' lang='lat'>—-</span> <span class='ocrx_word' id='word_1_39' title='bbox 1312 826 1598 881; x_wconf 76' lang='lat' dir='ltr'>Mariam</span> <span class='ocrx_word' id='word_1_40' title='bbox 1633 824 1904 882; x_wconf 79' lang='lat' dir='ltr'>Annam.</span> <span class='ocrx_word' id='word_1_41' title='bbox 1952 858 2038 868; x_wconf 89' lang='lat'>——</span> 
     </span>
     <span class='ocr_line' id='line_1_8' title="bbox 367 908 2042 988; baseline -0.009 -5"><span class='ocrx_word' id='word_1_42' title='bbox 367 925 652 983; x_wconf 66' lang='lat' dir='ltr'>Cccrolum</span> <span class='ocrx_word' id='word_1_43' title='bbox 707 916 1211 976; x_wconf 82' lang='lat' dir='ltr'>Gubernatorem</span> <span class='ocrx_word' id='word_1_44' title='bbox 1243 908 1592 972; x_wconf 84' lang='lat' dir='ltr'>Behemiae.</span> <span class='ocrx_word' id='word_1_45' title='bbox 1640 944 1727 957; x_wconf 92' lang='lat'>--</span> <span class='ocrx_word' id='word_1_46' title='bbox 1772 913 2042 988; x_wconf 79' lang='lat' dir='ltr'>Leopol-</span> 
     </span>
     <span class='ocr_line' id='line_1_9' title="bbox 358 998 2036 1083; baseline -0.01 -10"><span class='ocrx_word' id='word_1_47' title='bbox 358 1021 498 1074; x_wconf 77' lang='lat' dir='ltr'>(lam</span> <span class='ocrx_word' id='word_1_48' title='bbox 556 1006 894 1068; x_wconf 83' lang='lat' dir='ltr'>Palatinum</span> <span class='ocrx_word' id='word_1_49' title='bbox 942 1003 1330 1083; x_wconf 81' lang='lat' dir='ltr'>Hungariae‚</span> <span class='ocrx_word' id='word_1_50' title='bbox 1391 998 1515 1083; x_wconf 86' lang='lat' dir='ltr'>jam</span> <span class='ocrx_word' id='word_1_51' title='bbox 1563 1013 1901 1060; x_wconf 88' lang='lat' dir='ltr'>mortuum.</span> <span class='ocrx_word' id='word_1_52' title='bbox 1949 1035 2036 1044; x_wconf 88' lang='grc'>-</span> 
     </span>
     <span class='ocr_line' id='line_1_10' title="bbox 356 1085 2039 1164; baseline -0.008 -5"><span class='ocrx_word' id='word_1_53' title='bbox 356 1101 694 1161; x_wconf 77' lang='lat' dir='ltr'>Albertzmz.</span> <span class='ocrx_word' id='word_1_54' title='bbox 731 1126 819 1140; x_wconf 89' lang='lat'>--</span> <span class='ocrx_word' id='word_1_55' title='bbox 863 1093 1385 1156; x_wconf 69' lang='lat' dir='ltr'>ſjffaxz&#39;milianum.</span> <span class='ocrx_word' id='word_1_56' title='bbox 1409 1123 1497 1135; x_wconf 90' lang='lat'>—</span> <span class='ocrx_word' id='word_1_57' title='bbox 1543 1089 1876 1164; x_wconf 74' lang='lat' dir='ltr'>Joseplzam</span> <span class='ocrx_word' id='word_1_58' title='bbox 1914 1085 2039 1146; x_wconf 94' lang='lat' dir='ltr'>ho—</span> 
     </span>
     <span class='ocr_line' id='line_1_11' title="bbox 357 1176 2034 1258; baseline -0.005 -16"><span class='ocrx_word' id='word_1_59' title='bbox 357 1189 455 1248; x_wconf 85' lang='lat' dir='ltr'>die</span> <span class='ocrx_word' id='word_1_60' title='bbox 524 1181 1029 1244; x_wconf 81' lang='lat' dir='ltr'>deamatissimum</span> <span class='ocrx_word' id='word_1_61' title='bbox 1098 1177 1442 1237; x_wconf 84' lang='lat' dir='ltr'>Palatinum</span> <span class='ocrx_word' id='word_1_62' title='bbox 1505 1176 1882 1258; x_wconf 82' lang='lat' dir='ltr'>Hungariae.</span> <span class='ocrx_word' id='word_1_63' title='bbox 1948 1211 2034 1220; x_wconf 90' lang='lat'><em>-</em></span> 
     </span>
     <span class='ocr_line' id='line_1_12' title="bbox 365 1262 2034 1334; baseline -0.006 0"><span class='ocrx_word' id='word_1_64' title='bbox 365 1275 812 1334; x_wconf 75' lang='lat' dir='ltr'>Clementilzam.</span> <span class='ocrx_word' id='word_1_65' title='bbox 856 1301 945 1314; x_wconf 91' lang='lat'>—</span> <span class='ocrx_word' id='word_1_66' title='bbox 1006 1266 1345 1323; x_wconf 76' lang='lat' dir='ltr'>Antonium</span> <span class='ocrx_word' id='word_1_67' title='bbox 1408 1262 1559 1326; x_wconf 81' lang='lat' dir='ltr'>Ord.</span> <span class='ocrx_word' id='word_1_68' title='bbox 1621 1267 1882 1325; x_wconf 88' lang='lat' dir='ltr'>Teuton.</span> <span class='ocrx_word' id='word_1_69' title='bbox 1946 1262 2034 1324; x_wconf 89' lang='lat' dir='ltr'>M.</span> 
     </span>
     <span class='ocr_line' id='line_1_13' title="bbox 352 1354 2032 1443; baseline -0.005 -24"><span class='ocrx_word' id='word_1_70' title='bbox 352 1363 723 1443; x_wconf 80' lang='lat' dir='ltr'>Magistrum.</span> <span class='ocrx_word' id='word_1_71' title='bbox 750 1391 834 1403; x_wconf 89' lang='lat'>—-</span> <span class='ocrx_word' id='word_1_72' title='bbox 872 1357 1199 1414; x_wconf 75' lang='lat' dir='ltr'>Amaliam.</span> <span class='ocrx_word' id='word_1_73' title='bbox 1231 1387 1320 1399; x_wconf 91' lang='grc'>--</span> <span class='ocrx_word' id='word_1_74' title='bbox 1342 1355 1639 1412; x_wconf 76' lang='lat' dir='ltr'>Ioannem</span> <span class='ocrx_word' id='word_1_75' title='bbox 1674 1354 1926 1437; x_wconf 85' lang='lat' dir='ltr'>Baptist.</span> <span class='ocrx_word' id='word_1_76' title='bbox 1946 1387 2032 1398; x_wconf 92' lang='lat'>-—</span> 
     </span>
     <span class='ocr_line' id='line_1_14' title="bbox 351 1441 2032 1524; baseline -0.005 -14"><span class='ocrx_word' id='word_1_77' title='bbox 351 1453 688 1511; x_wconf 71' lang='lat' dir='ltr'>Rainerzcm</span> <span class='ocrx_word' id='word_1_78' title='bbox 731 1442 913 1504; x_wconf 91' lang='lat' dir='ltr'>hodie</span> <span class='ocrx_word' id='word_1_79' title='bbox 945 1444 1098 1505; x_wconf 86' lang='lat' dir='ltr'>Vice</span> <span class='ocrx_word' id='word_1_80' title='bbox 1133 1443 1370 1524; x_wconf 82' lang='lat' dir='ltr'>Regem</span> <span class='ocrx_word' id='word_1_81' title='bbox 1402 1441 1834 1502; x_wconf 86' lang='lat' dir='ltr'>Lombardiae.</span> <span class='ocrx_word' id='word_1_82' title='bbox 1858 1476 1944 1487; x_wconf 79' lang='lat'>-—-</span> <span class='ocrx_word' id='word_1_83' title='bbox 1969 1455 2032 1501; x_wconf 85' lang='lat' dir='ltr'>et</span> 
     </span>
     <span class='ocr_line' id='line_1_15' title="bbox 352 1529 2034 1613; baseline -0.005 -18"><span class='ocrx_word' id='word_1_84' title='bbox 352 1537 749 1613; x_wconf 78' lang='lat' dir='ltr'>Radolplmm.</span> <span class='ocrx_word' id='word_1_85' title='bbox 785 1567 869 1579; x_wconf 91' lang='lat'>--</span> <span class='ocrx_word' id='word_1_86' title='bbox 914 1534 1261 1608; x_wconf 75' lang='lat' dir='ltr'>Leopolclas</span> <span class='ocrx_word' id='word_1_87' title='bbox 1308 1531 1400 1590; x_wconf 91' lang='lat' dir='ltr'>II.</span> <span class='ocrx_word' id='word_1_88' title='bbox 1435 1533 1584 1591; x_wconf 81' lang='lat' dir='ltr'>vivo</span> <span class='ocrx_word' id='word_1_89' title='bbox 1614 1529 1826 1590; x_wconf 81' lang='lat' dir='ltr'>adhuc</span> <span class='ocrx_word' id='word_1_90' title='bbox 1861 1532 2034 1588; x_wconf 80' lang='lat' dir='ltr'>Jose-</span> 
     </span>
     <span class='ocr_line' id='line_1_16' title="bbox 340 1619 2032 1705; baseline -0.003 -22"><span class='ocrx_word' id='word_1_91' title='bbox 340 1627 472 1703; x_wconf 75' lang='lat' dir='ltr'>pho</span> <span class='ocrx_word' id='word_1_92' title='bbox 516 1628 922 1705; x_wconf 82' lang='lat' dir='ltr'>Imperatore,</span> <span class='ocrx_word' id='word_1_93' title='bbox 966 1620 1264 1701; x_wconf 81' lang='lat' dir='ltr'>Magnum</span> <span class='ocrx_word' id='word_1_94' title='bbox 1323 1619 1661 1679; x_wconf 88' lang='lat' dir='ltr'>Hetruriae</span> <span class='ocrx_word' id='word_1_95' title='bbox 1723 1621 2032 1679; x_wconf 88' lang='lat' dir='ltr'>Ducatum</span> 
     </span>
     <span class='ocr_line' id='line_1_17' title="bbox 355 1705 2032 1793; baseline -0.004 -21"><span class='ocrx_word' id='word_1_96' title='bbox 355 1734 571 1793; x_wconf 82' lang='lat' dir='ltr'>magna</span> <span class='ocrx_word' id='word_1_97' title='bbox 606 1711 865 1770; x_wconf 89' lang='lat' dir='ltr'>nominis</span> <span class='ocrx_word' id='word_1_98' title='bbox 903 1710 997 1768; x_wconf 89' lang='lat' dir='ltr'>sui</span> <span class='ocrx_word' id='word_1_99' title='bbox 1039 1709 1231 1792; x_wconf 79' lang='lat' dir='ltr'>gloria</span> <span class='ocrx_word' id='word_1_100' title='bbox 1269 1708 1367 1768; x_wconf 84' lang='lat'>25.</span> <span class='ocrx_word' id='word_1_101' title='bbox 1417 1709 1590 1768; x_wconf 86' lang='lat' dir='ltr'>annis</span> <span class='ocrx_word' id='word_1_102' title='bbox 1628 1705 1755 1792; x_wconf 89' lang='lat' dir='ltr'>jam</span> <span class='ocrx_word' id='word_1_103' title='bbox 1801 1706 2032 1790; x_wconf 82' lang='lat' dir='ltr'>guber-</span> 
     </span>
     <span class='ocr_line' id='line_1_18' title="bbox 355 1796 2031 1881; baseline -0.002 -22"><span class='ocrx_word' id='word_1_104' title='bbox 355 1803 565 1873; x_wconf 82' lang='lat' dir='ltr'>navit,</span> <span class='ocrx_word' id='word_1_105' title='bbox 614 1811 754 1881; x_wconf 85' lang='lat' dir='ltr'>post</span> <span class='ocrx_word' id='word_1_106' title='bbox 804 1808 1069 1857; x_wconf 87' lang='lat' dir='ltr'>mortem</span> <span class='ocrx_word' id='word_1_107' title='bbox 1114 1818 1268 1856; x_wconf 82' lang='lat' dir='ltr'>vero</span> <span class='ocrx_word' id='word_1_108' title='bbox 1329 1797 1582 1875; x_wconf 74' lang='lat' dir='ltr'>Joseplzi</span> <span class='ocrx_word' id='word_1_109' title='bbox 1630 1798 1722 1856; x_wconf 90' lang='lat' dir='ltr'>II.</span> <span class='ocrx_word' id='word_1_110' title='bbox 1791 1796 2031 1856; x_wconf 81' lang='lat' dir='ltr'>Electo-</span> 
     </span>
     <span class='ocr_line' id='line_1_19' title="bbox 360 1884 2030 1968; baseline -0.003 -21"><span class='ocrx_word' id='word_1_111' title='bbox 360 1909 504 1948; x_wconf 91' lang='lat' dir='ltr'>rum</span> <span class='ocrx_word' id='word_1_112' title='bbox 548 1900 693 1946; x_wconf 90' lang='lat' dir='ltr'>voto</span> <span class='ocrx_word' id='word_1_113' title='bbox 750 1888 1091 1968; x_wconf 84' lang='lat' dir='ltr'>Imperator</span> <span class='ocrx_word' id='word_1_114' title='bbox 1137 1884 1467 1959; x_wconf 83' lang='lat' dir='ltr'>salutatuS‚</span> <span class='ocrx_word' id='word_1_115' title='bbox 1518 1884 1757 1945; x_wconf 89' lang='lat' dir='ltr'>bellum</span> <span class='ocrx_word' id='word_1_116' title='bbox 1804 1885 2030 1945; x_wconf 88' lang='lat' dir='ltr'>Turci-</span> 
     </span>
     <span class='ocr_line' id='line_1_20' title="bbox 360 1972 2027 2055; baseline -0.002 -21"><span class='ocrx_word' id='word_1_117' title='bbox 360 1998 500 2035; x_wconf 88' lang='lat' dir='ltr'>cum</span> <span class='ocrx_word' id='word_1_118' title='bbox 546 1997 579 2032; x_wconf 89' lang='lat' dir='ltr'>a</span> <span class='ocrx_word' id='word_1_119' title='bbox 630 1973 818 2033; x_wconf 81' lang='lat' dir='ltr'>fratre</span> <span class='ocrx_word' id='word_1_120' title='bbox 861 1988 1246 2055; x_wconf 76' lang='lat' dir='ltr'>susceptum,</span> <span class='ocrx_word' id='word_1_121' title='bbox 1278 1973 1424 2033; x_wconf 86' lang='lat' dir='ltr'>licet</span> <span class='ocrx_word' id='word_1_122' title='bbox 1483 1972 1649 2034; x_wconf 85' lang='lat' dir='ltr'>felici</span> <span class='ocrx_word' id='word_1_123' title='bbox 1708 1995 2027 2034; x_wconf 86' lang='lat' dir='ltr'>armorum</span> 
     </span>
     <span class='ocr_line' id='line_1_21' title="bbox 356 2061 2029 2145; baseline -0.001 -23"><span class='ocrx_word' id='word_1_124' title='bbox 356 2084 625 2124; x_wconf 88' lang='lat' dir='ltr'>successu</span> <span class='ocrx_word' id='word_1_125' title='bbox 663 2062 1018 2120; x_wconf 87' lang='lat' dir='ltr'>continuare</span> <span class='ocrx_word' id='word_1_126' title='bbox 1074 2064 1401 2145; x_wconf 79' lang='lat' dir='ltr'>potuisset,</span> <span class='ocrx_word' id='word_1_127' title='bbox 1449 2061 1662 2123; x_wconf 84' lang='lat' dir='ltr'>foedus</span> <span class='ocrx_word' id='word_1_128' title='bbox 1700 2077 1905 2123; x_wconf 81' lang='lat' dir='ltr'>tamen</span> <span class='ocrx_word' id='word_1_129' title='bbox 1943 2061 2029 2120; x_wconf 89' lang='lat' dir='ltr'>ob</span> 
     </span>
     <span class='ocr_line' id='line_1_22' title="bbox 355 2150 2029 2234; baseline 0 -26"><span class='ocrx_word' id='word_1_130' title='bbox 355 2152 739 2209; x_wconf 87' lang='lat' dir='ltr'>imminentes</span> <span class='ocrx_word' id='word_1_131' title='bbox 801 2150 1008 2207; x_wconf 83' lang='lat' dir='ltr'>turbas</span> <span class='ocrx_word' id='word_1_132' title='bbox 1069 2150 1328 2210; x_wconf 86' lang='lat' dir='ltr'>Gallicas</span> <span class='ocrx_word' id='word_1_133' title='bbox 1391 2163 1453 2210; x_wconf 83' lang='lat' dir='ltr'>et</span> <span class='ocrx_word' id='word_1_134' title='bbox 1509 2151 1786 2234; x_wconf 81' lang='lat' dir='ltr'>Belgicas</span> <span class='ocrx_word' id='word_1_135' title='bbox 1827 2197 1842 2222; x_wconf 82' lang='grc'><em>,</em></span> <span class='ocrx_word' id='word_1_136' title='bbox 1912 2172 2029 2233; x_wconf 85' lang='lat' dir='ltr'>pro</span> 
     </span>
     <span class='ocr_line' id='line_1_23' title="bbox 353 2238 2081 2319; baseline -0.002 -22"><span class='ocrx_word' id='word_1_137' title='bbox 353 2240 622 2297; x_wconf 81' lang='lat' dir='ltr'>maximo</span> <span class='ocrx_word' id='word_1_138' title='bbox 672 2238 924 2319; x_wconf 79' lang='lat' dir='ltr'>Imperii</span> <span class='ocrx_word' id='word_1_139' title='bbox 990 2238 1404 2300; x_wconf 87' lang='lat' dir='ltr'>emolumento</span> <span class='ocrx_word' id='word_1_140' title='bbox 1458 2241 1676 2312; x_wconf 83' lang='lat' dir='ltr'>inivit,</span> <span class='ocrx_word' id='word_1_141' title='bbox 1721 2241 2029 2297; x_wconf 73' lang='lat' dir='ltr'>Sistoviae</span> <span class='ocrx_word' id='word_1_142' title='bbox 2077 2314 2081 2316; x_wconf 82' lang='lat'>.</span> 
     </span>
     <span class='ocr_line' id='line_1_24' title="bbox 363 2323 2023 2410; baseline -0.001 -26"><span class='ocrx_word' id='word_1_143' title='bbox 363 2328 541 2387; x_wconf 81' lang='lat'>1791.</span> <span class='ocrx_word' id='word_1_144' title='bbox 586 2323 762 2397; x_wconf 88' lang='lat' dir='ltr'>Quod</span> <span class='ocrx_word' id='word_1_145' title='bbox 798 2326 997 2408; x_wconf 89' lang='lat' dir='ltr'>ipsum</span> <span class='ocrx_word' id='word_1_146' title='bbox 1047 2329 1231 2386; x_wconf 86' lang='lat' dir='ltr'>etiam</span> <span class='ocrx_word' id='word_1_147' title='bbox 1274 2343 1573 2410; x_wconf 83' lang='lat' dir='ltr'>sequente</span> <span class='ocrx_word' id='word_1_148' title='bbox 1627 2351 1789 2388; x_wconf 87' lang='lat' dir='ltr'>anno</span> <span class='ocrx_word' id='word_1_149' title='bbox 1846 2328 2023 2386; x_wconf 82' lang='lat' dir='ltr'>Russi</span> 
     </span>
     <span class='ocr_line' id='line_1_25' title="bbox 356 2413 2026 2498; baseline 0.001 -27"><span class='ocrx_word' id='word_1_150' title='bbox 356 2415 420 2471; x_wconf 88' lang='lat' dir='ltr'>in</span> <span class='ocrx_word' id='word_1_151' title='bbox 460 2413 796 2473; x_wconf 88' lang='lat' dir='ltr'>Moldaviae</span> <span class='ocrx_word' id='word_1_152' title='bbox 833 2414 1061 2498; x_wconf 86' lang='lat' dir='ltr'>oppido</span> <span class='ocrx_word' id='word_1_153' title='bbox 1100 2418 1270 2473; x_wconf 75' lang='lat' dir='ltr'>Jassi</span> <span class='ocrx_word' id='word_1_154' title='bbox 1323 2415 1618 2476; x_wconf 72' lang='lat' dir='ltr'>fecerunt,</span> <span class='ocrx_word' id='word_1_155' title='bbox 1687 2419 2026 2496; x_wconf 83' lang='lat' dir='ltr'>Postquam</span> 
     </span>
     <span class='ocr_line' id='line_1_26' title="bbox 355 2503 2028 2588; baseline 0.001 -30"><span class='ocrx_word' id='word_1_156' title='bbox 355 2515 556 2559; x_wconf 91' lang='lat' dir='ltr'>autem</span> <span class='ocrx_word' id='word_1_157' title='bbox 629 2503 917 2562; x_wconf 89' lang='lat' dir='ltr'>Borussos</span> <span class='ocrx_word' id='word_1_158' title='bbox 988 2517 1049 2564; x_wconf 86' lang='lat' dir='ltr'>et</span> <span class='ocrx_word' id='word_1_159' title='bbox 1109 2503 1320 2587; x_wconf 76' lang='lat' dir='ltr'>Belgas</span> <span class='ocrx_word' id='word_1_160' title='bbox 1383 2505 1660 2588; x_wconf 85' lang='lat' dir='ltr'>aliosque</span> <span class='ocrx_word' id='word_1_161' title='bbox 1707 2504 2028 2565; x_wconf 88' lang='lat' dir='ltr'>seditiosos</span> 
     </span>
     <span class='ocr_line' id='line_1_27' title="bbox 353 2588 2024 2673; baseline -0.001 -25"><span class='ocrx_word' id='word_1_162' title='bbox 353 2610 457 2648; x_wconf 87' lang='lat' dir='ltr'>sua</span> <span class='ocrx_word' id='word_1_163' title='bbox 524 2588 848 2671; x_wconf 83' lang='lat' dir='ltr'>prudentia</span> <span class='ocrx_word' id='word_1_164' title='bbox 911 2590 1264 2673; x_wconf 84' lang='lat' dir='ltr'>placavisset</span> <span class='ocrx_word' id='word_1_165' title='bbox 1308 2639 1322 2667; x_wconf 83' lang='lat'>,</span> <span class='ocrx_word' id='word_1_166' title='bbox 1403 2592 1481 2653; x_wconf 92' lang='lat' dir='ltr'>de</span> <span class='ocrx_word' id='word_1_167' title='bbox 1568 2590 2024 2653; x_wconf 79' lang='lat' dir='ltr'>revindiCandis</span> 
     </span>
     <span class='ocr_line' id='line_1_28' title="bbox 352 2677 2021 2763; baseline 0.002 -30"><span class='ocrx_word' id='word_1_168' title='bbox 352 2677 711 2736; x_wconf 83' lang='lat' dir='ltr'>Germaniae</span> <span class='ocrx_word' id='word_1_169' title='bbox 753 2677 1025 2759; x_wconf 76' lang='lat' dir='ltr'>juribus,</span> <span class='ocrx_word' id='word_1_170' title='bbox 1074 2695 1134 2739; x_wconf 91' lang='lat' dir='ltr'>et</span> <span class='ocrx_word' id='word_1_171' title='bbox 1177 2679 1559 2742; x_wconf 82' lang='lat' dir='ltr'>defendenda</span> <span class='ocrx_word' id='word_1_172' title='bbox 1597 2682 1793 2742; x_wconf 85' lang='lat' dir='ltr'>salute</span> <span class='ocrx_word' id='word_1_173' title='bbox 1834 2681 2021 2763; x_wconf 75' lang='lat' dir='ltr'>Regis</span> 
     </span>
     <span class='ocr_line' id='line_1_29' title="bbox 357 2760 2023 2851; baseline 0.005 -33"><span class='ocrx_word' id='word_1_174' title='bbox 357 2760 616 2836; x_wconf 78' lang='lat' dir='ltr'>Galliae,</span> <span class='ocrx_word' id='word_1_175' title='bbox 650 2777 709 2822; x_wconf 86' lang='lat' dir='ltr'>et</span> <span class='ocrx_word' id='word_1_176' title='bbox 748 2767 1018 2849; x_wconf 80' lang='lat' dir='ltr'>Reginae</span> <span class='ocrx_word' id='word_1_177' title='bbox 1066 2770 1381 2830; x_wconf 67' lang='lat' dir='ltr'>Antoniae</span> <span class='ocrx_word' id='word_1_178' title='bbox 1426 2772 1658 2830; x_wconf 84' lang='lat' dir='ltr'>sororis</span> <span class='ocrx_word' id='word_1_179' title='bbox 1709 2791 1853 2830; x_wconf 83' lang='lat' dir='ltr'>suae</span> <span class='ocrx_word' id='word_1_180' title='bbox 1881 2790 2023 2851; x_wconf 80' lang='lat' dir='ltr'>age—</span> 
     </span>
     <span class='ocr_line' id='line_1_30' title="bbox 357 2851 2020 2941; baseline 0.004 -35"><span class='ocrx_word' id='word_1_181' title='bbox 357 2871 424 2908; x_wconf 89' lang='lat' dir='ltr'>re</span> <span class='ocrx_word' id='word_1_182' title='bbox 475 2852 705 2930; x_wconf 85' lang='lat' dir='ltr'>coepit.·</span> <span class='ocrx_word' id='word_1_183' title='bbox 753 2851 888 2913; x_wconf 86' lang='lat' dir='ltr'>ideo</span> <span class='ocrx_word' id='word_1_184' title='bbox 925 2852 1136 2915; x_wconf 88' lang='lat' dir='ltr'>habito</span> <span class='ocrx_word' id='word_1_185' title='bbox 1178 2860 1486 2916; x_wconf 67' lang='lat' dir='ltr'>Pillzzitzii</span> <span class='ocrx_word' id='word_1_186' title='bbox 1522 2858 1837 2941; x_wconf 83' lang='lat' dir='ltr'>colloquio</span> <span class='ocrx_word' id='word_1_187' title='bbox 1876 2878 2020 2917; x_wconf 89' lang='lat' dir='ltr'>cum</span> 
     </span>
     <span class='ocr_line' id='line_1_31' title="bbox 368 2939 2095 3028; baseline 0.007 -39"><span class='ocrx_word' id='word_1_188' title='bbox 368 2939 690 2995; x_wconf 75' lang='lat' dir='ltr'>ch&#39;llzelmo</span> <span class='ocrx_word' id='word_1_189' title='bbox 729 2943 812 2997; x_wconf 90' lang='lat' dir='ltr'>II.</span> <span class='ocrx_word' id='word_1_190' title='bbox 852 2942 1169 3004; x_wconf 85' lang='lat' dir='ltr'>Borussiae</span> <span class='ocrx_word' id='word_1_191' title='bbox 1194 2967 1377 3028; x_wconf 82' lang='lat' dir='ltr'>rege,</span> <span class='ocrx_word' id='word_1_192' title='bbox 1421 2960 1483 3006; x_wconf 87' lang='lat' dir='ltr'>et</span> <span class='ocrx_word' id='word_1_193' title='bbox 1514 2950 1840 3006; x_wconf 74' lang='lat' dir='ltr'>Friderico</span> <span class='ocrx_word' id='word_1_194' title='bbox 1882 2948 2019 3005; x_wconf 56' lang='lat' dir='ltr'>Aze—</span> <span class='ocrx_word' id='word_1_195' title='bbox 2085 2947 2095 3012; x_wconf 56' lang='lat' dir='ltr'>‚s</span> 
     </span>
     <span class='ocr_line' id='line_1_32' title="bbox 351 3025 2093 3097; baseline 0.008 -19"><span class='ocrx_word' id='word_1_196' title='bbox 351 3036 531 3097; x_wconf 75' lang='lat' dir='ltr'>gusto</span> <span class='ocrx_word' id='word_1_197' title='bbox 598 3025 893 3089; x_wconf 76' lang='lat' dir='ltr'>Saxoniae</span> <span class='ocrx_word' id='word_1_198' title='bbox 945 3030 1221 3092; x_wconf 83' lang='lat' dir='ltr'>Electore</span> <span class='ocrx_word' id='word_1_199' title='bbox 1284 3036 1637 3096; x_wconf 82' lang='lat' dir='ltr'>societatem</span> <span class='ocrx_word' id='word_1_200' title='bbox 1704 3056 2019 3094; x_wconf 81' lang='lat' dir='ltr'>armorum</span> <span class='ocrx_word' id='word_1_201' title='bbox 2092 3027 2093 3030; x_wconf 25' lang='lat'>¹</span> 
     </span>
     <span class='ocr_line' id='line_1_33' title="bbox 1777 3145 1932 3183; baseline 0 -1"><span class='ocrx_word' id='word_1_202' title='bbox 1777 3145 1932 3183; x_wconf 84' lang='lat' dir='ltr'>cou-</span> 
     </span>
    </p>
   </div>
   <div class='ocr_carea' id='block_1_3' title="bbox 2058 3231 2097 3726">
    <p class='ocr_par' dir='ltr' id='par_1_3' title="bbox 2058 3231 2097 3726">
     <span class='ocr_line' id='line_1_34' title="bbox 2058 3231 2097 3726; baseline 0 0"><span class='ocrx_word' id='word_1_203' title='bbox 2058 3231 2097 3726; x_wconf 95' lang='lat' dir='ltr'> </span> 
     </span>
    </p>
   </div>
  </div>
 </body>
</html>
