2097 3726
338 119 460 180 56ss
806 119 1114 174 Historia
1151 119 1411 194 Imperii

243 297 394 355 dum
438 290 876 368 considerent,
922 315 1132 354 causas
1177 292 1547 368 definirent,
1594 296 1815 378 quoin
1858 293 1954 378 jus
2014 278 2020 297 ⁵
2095 348 2097 378 5

245 385 410 445 dicio
464 397 608 443 ante
647 384 858 441 omnia
903 385 1246 444 esurientes
1289 405 1633 466 paupereS,
1695 383 1951 466 langve-

237 488 477 535 scentes
528 467 841 556 orphanos
896 486 958 532 et
1008 487 1323 554 gementes
1369 471 1584 532 viduas
1643 471 1954 548 audirent,

239 565 526 622 inimicos
575 559 1099 644 reconciliarent,
1171 576 1233 621 et
1285 561 1423 621 lites
1473 584 1553 622 ne
1615 559 1946 635 different,

237 665 348 712 aut
400 650 722 711 calumniis
777 648 982 708 locum
1028 647 1471 727 admitterent,
1545 673 1707 733 quae
1760 652 1955 710 Justi-

237 744 363 801 tiae
421 738 973 799 administrationis
1031 736 1233 797 forma
1296 761 1488 822 porro
1543 741 1730 800 etiam
1783 737 1951 822 apud

238 831 634 890 Successores
698 829 1113 910 Imperatores
1167 830 1231 886 in
1286 850 1398 888 suo
1461 829 1679 911 vigore
1728 829 1953 913 persti-

238 922 330 979 tit.
418 919 616 1000 Leges
684 917 748 974 in
821 916 1103 975 Comitiis
1165 916 1532 977 ferebantur
1586 939 1695 978 seu
1761 939 1951 999 syno-

238 1008 331 1068 dis
345 1055 363 1082 ,
427 1007 537 1066 ubi
578 1004 843 1066 Praelati
882 1006 1113 1088 primas
1156 1018 1498 1065 tenuerunt
1537 1020 1779 1090 parteS,
1826 1028 1945 1064 un-

237 1097 315 1158 de
367 1093 750 1157 consvetudo
806 1093 1067 1152 invaluit
1108 1094 1273 1177 apud
1329 1095 1671 1155 Germanos
1720 1095 1864 1155 inde
1915 1117 1951 1153 a

241 1189 457 1246 Caroli
496 1186 586 1245 M
630 1195 865 1257 aetate,
911 1198 980 1241 ut
1019 1184 1334 1244 Praesules
1377 1183 1453 1242 ad
1490 1186 1695 1245 omnia
1739 1184 1952 1243 Comi-

237 1277 323 1335 tia
369 1287 430 1337 et
473 1274 735 1334 Senatus
786 1272 1079 1330 Consulta
1124 1285 1519 1333 vocarentur.
1582 1274 1783 1355 Igitur
1823 1285 1955 1332 tota

236 1368 476 1449 primae
524 1361 934 1445 Reipublicae
987 1359 1190 1420 forma
1235 1384 1364 1421 non
1410 1360 1664 1421 aliunde
1695 1361 1949 1422 videtur

236 1452 643 1536 profluxisse,
709 1473 900 1534 quam
967 1449 1135 1510 unde
1194 1452 1416 1533 religio
1485 1449 1761 1532 profecta
1818 1463 1950 1525 est3
2007 1445 2011 1449 ’

238 1542 391 1604 haec
442 1542 610 1601 enim
648 1538 772 1599 duo
822 1541 1161 1598 arctissima
1210 1539 1636 1600 necesitudine
1689 1536 1955 1622 conjun-

239 1646 337 1692 cta
376 1651 621 1711 semper
668 1628 747 1686 ab
798 1626 1014 1687 iisdem
1066 1631 1199 1689 sive
1255 1628 1756 1711 Magistratibus,
1820 1629 1953 1687 sive

237 1717 726 1802 Legislatoribus
762 1715 1201 1792 dimanarunt,
1249 1732 1441 1801 prout
1474 1719 1674 1778 omnis
1708 1729 1952 1800 tempo-

240 1810 328 1868 ris
369 1805 652 1889 exempla
698 1803 939 1863 docent.

334 1896 381 1975 ᾗ.
434 1897 488 1954 4.
554 1896 777 1951 Status
829 1895 1030 1967 Belli,
1095 1904 1156 1949 et
1209 1893 1521 1952 Memoria
1580 1895 1952 1968 Principum

246 1988 554 2045 Virorum
610 1986 656 2042 Ι.
737 1984 997 2040 Carolus
1056 1982 1148 2039 M.
1213 1984 1410 2042 sciens
1473 1982 1708 2064 optime
1765 1982 1953 2042 ctiam

245 2074 655 2134 constitutum
685 2070 1033 2152 Imperium
1070 2068 1177 2128 diu
1211 2069 1447 2130 salvum
1480 2092 1608 2132 esse
1646 2092 1773 2130 non
1809 2090 1954 2152 pos-

237 2183 338 2237 se,
404 2162 524 2220 nisi
564 2161 750 2219 etiam
796 2161 986 2242 ipsius
1040 2158 1300 2242 Imperii
1348 2158 1706 2220 defensores
1759 2158 1948 2218 certis

238 2248 479 2332 legibus
514 2259 1105 2321 manutenerentur,
1158 2246 1295 2307 ideo
1337 2251 1521 2309 etiam
1559 2246 1950 2330 disciplinam

243 2339 583 2400 militarem
627 2338 692 2394 in
733 2334 1019 2396 ordinem
1059 2334 1349 2420 redigens
1375 2382 1390 2411 ,
1457 2335 1710 2420 publico
1746 2333 1950 2395 edicto

238 2429 445 2488 vetuit
493 2439 554 2486 et
615 2439 1096 2506 tlansgressoles
1154 2427 1434 2508 graviter
1502 2426 1787 2509 punivit,
1869 2444 1950 2482 ne

238 2517 465 2575 milites
505 2537 579 2575 ex
618 2516 778 2595 agris
814 2515 1166 2574 vicinorum
1203 2528 1266 2575 et
1307 2515 1652 2575 incolarum
1697 2525 1950 2593 praetei

239 2602 536 2675 herbam,
584 2602 748 2685 ligna
783 2616 845 2661 et
887 2625 1114 2685 aquam
1160 2604 1324 2663 inter
1356 2627 1432 2686 pr
1417 2600 1815 2664 ofiscendum
1854 2612 1948 2658 at—

239 2648 572 2776 tingeren’t.
643 2693 730 2772 a)
778 2692 1181 2775 Quantopere
1232 2706 1439 2752 autem
1481 2690 1713 2750 Milites
1767 2689 1950 2748 aesti-

241 2783 554 2856 maverit,
603 2801 831 2863 cosque
873 2781 937 2839 in
970 2778 1189 2841 fraeno
1235 2781 1611 2855 servaverit,
1659 2791 1831 2862 patet
1867 2797 1946 2836 cx

1757 2863 1859 2926 illa

312 3010 389 3108 ἀ)
430 3038 755 3096 Aventinus,
794 3039 986 3099 Annal.
1019 3039 1085 3099 L.
1117 3037 1170 3098 4⁶
