2097 3726
345 217 460 278 116
782 212 1388 270 Historia

255 390 538 466 Tyanaei
601 384 936 466 Magorum
989 388 1267 446 omnium
1335 383 1765 459 celeberrimi,
1809 400 1941 445 tum

245 477 619 562 praesenti&
686 485 746 533 et
802 477 898 534 sui
959 477 1135 534 amici
1193 489 1326 536 arte
1377 473 1536 533 facta
1588 473 1770 534 fuisse
1816 497 1944 532 non

245 587 404 624 vane
441 563 785 647 suspicatur
817 565 1151 623 Baronias:
1205 564 1287 642 a)
1334 564 1628 625 Ceterum
1662 561 1791 647 ejus
1833 565 1947 622 im-

246 654 404 737 perii
437 673 602 711 anno
641 645 949 725 secundo,
1023 655 1198 710 Titus
1231 651 1390 712 filius
1433 652 1667 712 Urbem
1721 652 1947 710 Hiero*

247 742 628 822 solymorum
673 739 983 800 obsessam
1032 761 1394 824 oppugnare
1446 744 1686 823 coepit,
1749 764 1799 799 a.
1844 742 1946 801 60.

249 833 359 914 qui
403 842 474 888 ut
514 827 776 889 obsessis
811 850 1062 887 omnem
1101 831 1336 889 exitum
1377 829 1736 890 occluderet
1762 872 1778 898 ,
1813 849 1947 888 eos-

250 942 376 1003 que
410 917 568 978 fame
598 918 779 976 citius
813 931 1099 991 necaret,
1131 918 1460 1000 aggeribus
1499 922 1781 1001 quinque
1804 938 1954 975 con-

255 1024 351 1067 tra
383 1007 627 1067 Urbem
673 1007 1039 1079 exstructis,
1107 1007 1212 1065 sed
1261 1030 1294 1064 a
1327 1005 1573 1065 Judaeis
1611 1008 1954 1088 dissipatiS‚

254 1118 508 1156 murum
571 1095 740 1154 circa
804 1094 1157 1167 civitatem,
1240 1095 1557 1155 celeritate
1612 1094 1958 1154 humanum

257 1199 512 1270 captum
552 1197 885 1267 superante
931 1180 1308 1254 aedificavit,
1372 1206 1513 1244 nam
1552 1184 1760 1243 triduo
1805 1203 1960 1267 opus

261 1286 692 1333 constructum
731 1272 879 1332 fuit:
929 1272 994 1329 in
1029 1268 1203 1354 cujus
1228 1274 1716 1354 oppugnatione,
1763 1273 1846 1350 b)
1893 1284 1964 1328 ut

260 1363 565 1439 Iosephus
617 1360 899 1421 oculatus
948 1357 1177 1434 refert,
1223 1359 1380 1419 fame
1424 1372 1486 1420 et
1523 1361 1728 1443 gladio
1769 1358 1964 1419 unde—

260 1454 380 1513 cies
421 1464 682 1510 centena
720 1448 914 1508 millia
953 1445 1278 1508 hominum
1312 1451 1669 1531 perierunt,
1713 1462 1966 1530 centum

263 1539 454 1600 millia
501 1561 656 1599 vero
697 1537 948 1600 vendita
983 1550 1159 1597 sunt:
1209 1540 1336 1596 imo
1369 1537 1606 1598 exitiali
1646 1536 1756 1596 hac
1803 1535 1964 1595 cala-

265 1631 507 1702 mitate,
554 1629 901 1709 quingenos
938 1619 1339 1706 captivorum
1379 1628 1413 1684 J
1423 1625 1763 1687 udaeorum
1804 1646 1968 1707 quoa

266 1714 417 1777 tidie
453 1715 746 1775 crucibus
786 1715 994 1773 affixos
1038 1712 1118 1771 ab
1163 1715 1497 1789 Romanis,
1547 1730 1617 1774 ut
1656 1714 1780 1796 jam
1831 1735 1971 1795 spa-

270 1806 430 1865 tium
462 1804 752 1863 crucibus
789 1800 1062 1874 deesset,
1126 1804 1498 1883 corporibus
1533 1826 1684 1866 vero
1722 1810 1990 1875 cruces3'

269 1908 463 1976 atque
504 1893 590 1951 ita
633 1904 812 1975 capta
854 1888 1027 1949 Urbs
1077 1887 1279 1950 deleta
1319 1904 1409 1951 est
1447 1892 1636 1965 adeo,
1698 1905 1769 1950 ut
1820 1890 1975 1972 lapis

272 2003 465 2065 super
504 1978 777 2064 lapidem
826 2001 956 2039 non
1008 1991 1327 2053 maneret,
1396 1993 1584 2064 prout
1630 2003 1664 2038 a
1728 1981 1976 2037 Clzrc'sto

280 2067 676 2155 praedictum
735 2081 903 2144 erat,
994 2089 1122 2149 quo
1187 2081 1472 2150 tempore
1528 2082 1655 2129 tota
1709 2065 1978 2137 Judaea,

281 2163 431 2219 item
471 2155 739 2242 Achaja,
788 2154 1088 2228 Thracia,
1132 2157 1355 2238 Lycia,
1401 2159 1653 2232 Samus,
1701 2153 1983 2228 Rhodus,

281 2269 444 2331 quae
484 2250 768 2330 regiones
805 2260 983 2304 antea
1018 2243 1287 2317 liberae,
1353 2247 1454 2307 vel
1489 2249 1699 2306 amicis
1734 2243 1987 2326 regibus

281 2335 592 2420 subjectae
630 2346 836 2408 erant,
892 2336 957 2390 in
994 2331 1296 2394 ditionem
1333 2334 1549 2419 populi
1584 2337 1851 2394 Romani
1888 2354 1989 2391 re—

287 2425 500 2485 dactae
537 2436 714 2499 sunt3
775 2420 941 2482 unde
989 2424 1166 2488 Titus
1203 2444 1347 2482 cum
1398 2427 1581 2486 Patre
1625 2424 1989 2506 gloriosissi-

285 2537 459 2574 mum
524 2508 912 2595 triumphum
958 2515 1121 2592 egit,
1208 2526 1271 2573 et
1324 2513 1632 2597 quidquid
1690 2511 1987 2571 decorum

290 2600 462 2684 apud
501 2600 767 2662 Judaeos
811 2602 1081 2660 inveniri
1126 2604 1364 2683 potuit,
1426 2606 1517 2663 uti
1553 2604 1714 2663 Vasa
1756 2601 1945 2659 Sacra
1972 2642 1988 2670 ,

291 2714 413 2750 una
458 2711 601 2750 cum
643 2693 772 2773 ipsa
817 2690 954 2773 lege
1012 2693 1249 2766 MosiS,
1312 2694 1576 2753 Romam
1625 2688 1847 2750 attulit.
1917 2683 1990 2762 c)

1807 2775 1902 2833 Si-

361 2950 438 3023 a)
476 2950 559 3002 Ad
593 2969 681 3007 an.
715 2951 817 3008 Ch,
855 2948 938 3007 71.
981 2972 1035 3003 n.
1080 2952 1128 3004 5.
1186 2951 1254 3023 b)
1289 2949 1505 3020 ,Ioseph
1544 2948 1692 3000 Flav.
1724 2948 1791 3000 de
1826 2948 1988 3006 bello,

432 3021 673 3074 Judaico.
708 3021 773 3078 L.
811 3021 861 3074 6.
903 3040 951 3076 c.
988 3021 1234 3076 13—16.
1265 3033 1318 3075 et
1354 3022 1418 3072 L.
1458 3017 1502 3070 7.
1543 3027 1693 3072 toto,
1732 3025 1796 3087 c)
1827 3018 1993 3070 Idem.

431 3090 571 3149 ibid.
606 3092 668 3144 L.
705 3090 758 3144 7.
791 3111 836 3144 c.
872 3090 957 3144 24.
1049 3108 1052 3110 ·
