2097 3726
1528 133 1562 147 ff

543 139 826 195 Romano
876 138 1244 194 Germanici.
1526 155 1647 216 097

34 336 196 396 quac
253 310 544 395 juvenem
600 312 897 372 muliebri
967 312 1190 372 vestitu
1257 312 1372 370 sibi
1425 308 1738 386 servavit3

35 402 208 483 quod
248 403 354 462 ubi
396 402 802 473 innotuisset,
849 399 1092 484 juvenis
1129 401 1405 460 vestibus
1439 399 1734 480 spoliatus

34 506 97 550 et
141 495 320 550 vivus
371 490 727 549 combustus
776 504 880 547 est.
952 491 1372 569 Imperatricis
1421 485 1734 568 impudica

31 582 196 653 vita,
258 593 396 661 post
445 579 790 636 innocentis
831 578 1087 635 Comitis
1131 577 1446 659 cujusdam
1487 574 1734 655 decapi-

36 670 372 740 tationem,
420 668 609 748 magis
649 668 975 748 apparuit,
1041 665 1367 748 decapitati
1408 665 1571 723 enim
1611 664 1733 721 Co-

33 759 200 815 mitis
244 755 426 816 vidua
470 757 534 811 in
571 770 922 828 conventri,
972 778 1098 836 quo
1143 755 1252 813 Jus
1300 752 1504 812 viduis
1554 771 1729 810 more

28 848 226 906 veteri
283 842 647 916 dicebatur,
708 864 850 901 cum
920 841 1149 924 ejulatu
1200 844 1428 925 petivit
1487 859 1732 898 causam

30 956 203 993 suam
247 946 416 992 recte
467 933 789 1011 cognosci,
853 945 915 991 et
966 932 1168 1013 legum
1215 931 1582 989 auctoritate
1625 925 1734 984 de-

32 1021 197 1081 fendi
224 1068 239 1094 ,
288 1043 450 1103 quae
490 1020 713 1080 mulier
747 1022 955 1079 mariti
1003 1023 1092 1079 sui
1133 1033 1319 1102 caput
1355 1021 1419 1076 in
1456 1013 1735 1076 medium

30 1108 368 1192 projiciens
417 1109 815 1171 exclamavit:
882 1111 935 1169 O
973 1107 1351 1192 Imperator!
1398 1104 1561 1163 hunc
1602 1125 1734 1160 ma-

26 1200 221 1257 ritum
269 1221 477 1258 meum
533 1212 750 1257 contra
784 1196 876 1279 jus
913 1212 974 1257 et
1015 1196 1098 1257 fas
1138 1198 1340 1278 capite
1380 1192 1725 1252 mulctasti!

27 1285 129 1345 Ad
171 1284 318 1347 haec
343 1310 490 1348 mox
530 1287 932 1370 Imperatoris
969 1284 1172 1368 jussu,
1218 1284 1469 1343 allatum
1491 1280 1735 1342 ferrum

27 1375 300 1457 ignitum
342 1375 566 1436 mulier
627 1377 757 1435 sine
814 1374 933 1434 ulla
993 1375 1333 1434 offensione
1388 1367 1738 1453 apprehen-

28 1463 180 1524 dens
223 1478 285 1524 et
333 1463 410 1524 ad
460 1466 863 1524 constitutum
917 1462 1124 1521 locum
1164 1459 1502 1521 deferendo
1551 1460 1732 1515 inno-

31 1554 304 1613 centiam
339 1575 514 1613 suam
564 1552 816 1612 abunde
852 1550 1179 1633 probavit:
1244 1571 1370 1630 quo
1407 1547 1567 1605 facto
1606 1545 1734 1602 Im-

0 1656 288 1725 ‚perator
347 1654 731 1715 commotus,
799 1638 1050 1699 viduam
1107 1638 1318 1696 multis
1366 1633 1733 1694 muneribus

27 1742 91 1788 et
135 1744 406 1812 quatuor
456 1731 667 1789 castris
713 1728 1010 1803 donavit,
1079 1749 1253 1785 suam
1307 1746 1461 1784 vero
1517 1719 1734 1804 conju-

28 1839 170 1899 gem
223 1822 510 1877 Mariam
566 1819 708 1899 igne
763 1817 1028 1877 cremari
1084 1813 1274 1898 jussit.
1344 1813 1426 1893 a)
1476 1810 1610 1870 Sub
1657 1830 1735 1869 eo

29 1903 178 1965 haec
237 1908 423 1966 etiam
481 1905 767 1990 prodigia
821 1917 1183 1966 evenerunt.
1237 1900 1380 1985 986.
1435 1902 1736 1960 Constan-

28 1995 292 2077 tinopoli
362 1997 636 2055 enormis
717 2009 925 2055 terrae
986 2007 1229 2065 motus,
1324 2012 1451 2072 quo
1505 1986 1736 2070 templa

22 2098 424 2143 corruerunt.
462 2088 605 2167 987.
668 2083 937 2143 Annona
988 2084 1054 2140 in
1090 2080 1393 2152 Albania,
1447 2092 1508 2138 et
1549 2077 1733 2159 pisci-

0 2162 177 2230 fculis
238 2174 301 2230 in
359 2173 628 2232 Saxonia
693 2173 867 2255 pluit.
927 2190 1070 2254 991.
1136 2170 1301 2250 Ignis
1369 2166 1446 2226 de
1509 2164 1731 2225 Rheno

0 2258 342 2334 ascendit,
408 2272 468 2320 et
519 2258 692 2318 villas
736 2263 966 2319 vicinas
1018 2257 1336 2318 absumsit.
1399 2255 1542 2338 994.
1599 2255 1738 2333 Hy-

27 2367 157 2406 ems
209 2349 560 2408 saevissima
621 2347 697 2405 ad
752 2345 994 2430 Majum
1056 2367 1254 2428 usque
1308 2343 1599 2417 duravit,
1667 2354 1738 2399 ut

0 2456 189 2516 iaqua
225 2434 301 2492 ad
335 2457 480 2495 usus
516 2431 814 2494 humanos
845 2457 974 2494 non
1019 2445 1413 2516 suppeteret:
1476 2429 1735 2491 demum

25 2522 376 2605 pestilentia
422 2523 802 2604 sequebatur
837 2523 918 2602 b)
956 2523 1220 2581 Interim
1267 2525 1418 2579 Otto
1450 2518 1557 2578 ΙΙΙ.
1595 2540 1733 2575 ma-

22 2612 208 2671 ximis
249 2612 588 2672 virtutibus
632 2610 870 2688 clarus,
932 2611 1185 2685 victima
1242 2608 1534 2668 mulieris
1580 2627 1729 2665 eva-

1551 2707 1647 2754 slt.

88 2871 167 2944 a)
205 2871 359 2945 Casp.
393 2872 624 2925 Hedion.
658 2873 714 2923 in
743 2872 883 2924 Hist.
926 2869 1071 2923 Eccl.
1116 2865 1509 2938 Cosmograph.
1547 2864 1713 2916 Mun-

161 2945 390 3070 {gi-if&
423 2942 581 3070 ῗᾷὃῦ)
621 2942 826 3011 Chron,
859 2943 1059 2999 Funcci
1094 2939 1194 3001 fol,
1230 2937 1348 2995 140.
1377 2939 1590 2992 Chron.
1626 2933 1727 2988 Sa-
