2097 3726
386 227 512 267 220
714 203 1014 268 be‘storia
1051 205 1621 286 Longobardorum.

298 383 618 439 bardieam
657 380 720 440 in
745 377 916 439 Italia
936 378 1165 445 florens
1204 382 1461 448 duravit
1496 402 1695 466 usque
1726 379 1802 444 ad
1833 392 1990 442 tem-

303 491 456 551 pora
500 470 715 526 Caroli
765 470 856 530 M
894 492 1001 534 seu
1039 470 1114 528 ad
1149 494 1240 530 an.
1289 474 1432 551 774.
1465 494 1500 529 a
1536 471 1763 552 quibus
1805 472 1991 535 etiam

301 558 588 639 superior
645 556 857 623 Italiae
911 580 1051 640 pars
1102 562 1578 638 Lozzgobardiae
1628 580 1857 625 nomen
1896 578 1996 620 ac-

300 647 483 726 cepit.
555 644 817 708 Interim
873 669 1070 729 quum
1113 646 1678 730 Longobardorum
1731 669 1829 712 res
1868 669 1999 711 ma-

304 734 472 791 xime
515 733 576 791 in
619 733 794 795 Italia
845 733 1175 810 florerent,
1244 738 1541 803 Alboz'nus
1584 734 1727 799 dolo
1781 736 1997 794 uxoris

300 841 450 879 suae
517 823 943 885 Rosimzmdae
994 839 1308 907 peremtus
1381 838 1472 885 est
1530 847 1623 883 an.
1688 825 1832 902 574.
1893 843 2002 883 seu

299 923 529 988 quarto
568 913 746 991 regni
781 932 943 972 anno
965 956 980 986 ‚
1030 934 1156 993 quo
1210 916 1412 977 Ticini
1441 911 1649 972 sedem
1684 924 1995 997 posuerat.

302 997 391 1075 a)
453 997 601 1058 Post
640 1012 909 1058 mortem
965 1001 1247 1072 Alboz'm‘,
1309 1000 1495 1060 vidua
1548 1004 1761 1085 regina
1815 1002 1999 1064 Rosi-

299 1088 531 1146 manda
567 1106 711 1144 cum
755 1083 1089 1161 thesauris,
1154 1102 1215 1147 et
1257 1088 1543 1153 adultero
1594 1111 1704 1149 suo
1750 1091 1998 1153 Helmi-

299 1173 442 1245 che,
513 1172 590 1232 ad
650 1172 1189 1239 Ravennatensem
1239 1175 1589 1237 Exarchum
1644 1181 1998 1254 Longinum

296 1259 459 1341 fugit
484 1307 499 1335 ,
550 1259 723 1344 cujus
765 1262 1059 1338 consiliO‚
1107 1266 1290 1322 etiam
1326 1264 1614 1326 adultero
1654 1287 1764 1324 suo
1809 1286 1998 1331 vene-

296 1370 451 1407 num
492 1353 778 1431 porrexit
795 1373 810 1426 3
868 1353 978 1432 qui
1028 1367 1205 1433 parte
1259 1351 1511 1434 quidem
1556 1351 1799 1429 hausta,
1847 1375 1991 1433 par-

298 1449 421 1495 tem
479 1437 660 1499 aliam
716 1441 1072 1498 Helmiclzes
1132 1440 1336 1522 gladio
1392 1443 1606 1501 stricto
1660 1446 1993 1504 Besinum-

298 1530 442 1582 clam
476 1524 694 1587 bibere
734 1527 1075 1610 compulit,
1119 1532 1332 1612 sicque
1362 1529 1546 1592 ambo
1590 1529 1857 1594 'adulteri
1894 1527 1991 1589 di.-

291 1634 436 1692 gnas
505 1629 879 1695 acceperunt
930 1638 1171 1698 poenas.
1256 1619 1333 1698 b)
1400 1621 1721 1697 Longinus
1782 1628 1989 1676 autem

291 1721 504 1760 omnes
547 1698 865 1761 thesauros
909 1702 985 1761 ad
1052 1706 1366 1769 Tiberium
1421 1711 1577 1790 Imp.
1637 1705 1991 1768 Constanti.-

288 1787 567 1870 nopolim
612 1790 794 1853 misit.
843 1793 1101 1855 Interim
1139 1793 1276 1852 Rex
1315 1794 1543 1854 electus
1580 1808 1669 1855 est
1709 1795 1986 1870 clephis,

293 1898 419 1956 quo
464 1888 601 1957 post
646 1899 875 1935 annum
922 1881 1156 1951 occiso,
1247 1883 1325 1962 c)
1374 1881 1688 1941 Anarchia
1742 1904 1846 1941 seu
1891 1883 1988 1937 ἰηᾳ

287 1977 646 2044 terregnum
689 1963 903 2028 decem
950 1988 1295 2043 annorum,
1343 1970 1550 2030 electis
1599 1972 1813 2029 XXX..
1858 1969 1990 2026 Βαι-

288 2051 499 2124 cibus,
559 2053 1092 2131 constituebatur3
1156 2056 1261 2116 sed
1314 2071 1451 2141 post
1493 2059 1798 2118 infelicem
1841 2055 1989 2115 Gal.-

290 2140 471 2198 licam
527 2139 989 2222 expeditionem
1032 2167 1126 2201 an.
1177 2146 1320 2206 586.
1376 2149 1689 2206 communi
1732 2146 1986 2226 Longo.-

292 2226 633 2292 bardorum
675 2250 975 2289 consensu
1023 2233 1162 2291 Rex
1207 2248 1446 2294 creatus
1503 2249 1593 2295 est
1635 2235 1988 2307 Anaua-is,

289 2318 398 2398 qui
464 2314 639 2376 bellis
697 2318 996 2383 Romanis
1056 2317 1205 2387 felix
1281 2345 1377 2385 an.
1447 2325 1591 2408 591.
1666 2335 1989 2396 mortuus,

1657 2432 1893 2475 succes-

355 2572 431 2648 a‘)
469 2576 696 2645 Gregor.
745 2575 958 2632 Turon.
999 2577 1064 2634 L.
1111 2577 1144 2632 4
1197 2599 1244 2632 c.
1297 2579 1388 2642 41,
1443 2582 1710 2653 Sigebert.
1752 2592 1804 2634 et
1839 2583 1986 2639 Her-

427 2665 613 2701 mann.
666 2647 1002 2701 Contractus.
1071 2650 1277 2708 Verum
1322 2652 1479 2708 Paul.
1543 2655 1688 2705 Diae.
1746 2663 1986 2710 mortem

431 2717 710 2784 consignat
760 2719 827 2769 ad
879 2739 968 2779 an,
1007 2719 1124 2772 572.
1170 2722 1265 2772 sed
1313 2722 1536 2775 defendi
1576 2734 1788 2794 potest.
1855 2743 1984 2774 cum

426 2787 512 2838 vel
563 2790 686 2850 sine¹
731 2789 856 2839 sede
908 2789 1091 2841 Ticini
1134 2794 1335 2860 posita.
1386 2824 1456 2832 ——
1501 2793 1710 2844 Seriem
1765 2794 1982 2861 Regum

426 2858 934 2927 Longobardorum,
974 2861 1240 2913 petavius.
1282 2863 1496 2914 Ration.
1535 2863 1792 2932 Tempor.
1835 2864 1983 2914 Part.

420 2929 507 2984 ΠΙ.
551 2948 604 2999 p.
640 2927 758 2980 212.
792 2929 858 2980 de
886 2931 1225 2983 successione
1262 2932 1501 2988 exhibet.
1539 2932 1604 2998 b)
1645 2934 1797 2995 Paul.
1835 2934 1986 2985 Diae.

422 2999 551 3057 ‚alias
602 2998 952 3056 vvarnafred.
1020 3001 1079 3052 L.
1140 3000 1189 3059 3,
1250 3022 1299 3060 c.
1356 3000 1441 3059 29.
1503 3002 1568 3078 c)
1620 3004 1784 3062 idem.
1841 3003 1980 3065 ibid.

419 3087 466 3128 c,
504 3067 582 3121 31.
621 3068 705 3123 32.
744 3078 797 3123 et
837 3070 898 3123 L.
935 3069 991 3126 3.
1022 3089 1068 3123 c.
1102 3070 1311 3131 1.-—9.
1589 3122 1591 3125 .
