<?xml version="1.0" encoding="UTF-8"?>
<!DOCTYPE html PUBLIC "-//W3C//DTD XHTML 1.0 Transitional//EN"
    "http://www.w3.org/TR/xhtml1/DTD/xhtml1-transitional.dtd">
<html xmlns="http://www.w3.org/1999/xhtml" xml:lang="en" lang="en">
 <head>
  <title>
</title>
<meta http-equiv="Content-Type" content="text/html;charset=utf-8" />
  <meta name='ocr-system' content='tesseract 3.04.00' />
  <meta name='ocr-capabilities' content='ocr_page ocr_carea ocr_par ocr_line ocrx_word'/>
</head>
<body>
  <div class='ocr_page' id='page_1' title='image "./historiauniversa02nagy_0026.png"; bbox 0 0 2097 3726; ppageno 0'>
   <div class='ocr_carea' id='block_1_1' title="bbox 411 236 1471 299">
    <p class='ocr_par' dir='ltr' id='par_1_1' title="bbox 411 236 1471 299">
     <span class='ocr_line' id='line_1_1' title="bbox 411 236 1471 299; baseline 0.004 -9"><span class='ocrx_word' id='word_1_1' title='bbox 411 239 450 299; x_wconf 86' lang='grc'>6</span> <span class='ocrx_word' id='word_1_2' title='bbox 866 236 1471 294; x_wconf 74' lang='lat' dir='ltr'>Historia</span> 
     </span>
    </p>
   </div>
   <div class='ocr_carea' id='block_1_2' title="bbox 324 409 2050 2799">
    <p class='ocr_par' dir='ltr' id='par_1_2' title="bbox 324 409 2050 2799">
     <span class='ocr_line' id='line_1_2' title="bbox 327 409 2027 500; baseline -0.001 -26"><span class='ocrx_word' id='word_1_3' title='bbox 327 436 518 500; x_wconf 84' lang='lat' dir='ltr'>quam</span> <span class='ocrx_word' id='word_1_4' title='bbox 569 413 738 472; x_wconf 78' lang='lat' dir='ltr'>vitae</span> <span class='ocrx_word' id='word_1_5' title='bbox 784 409 1055 472; x_wconf 89' lang='lat' dir='ltr'>melioris</span> <span class='ocrx_word' id='word_1_6' title='bbox 1112 412 1354 472; x_wconf 86' lang='lat' dir='ltr'>auctori</span> <span class='ocrx_word' id='word_1_7' title='bbox 1394 433 1560 470; x_wconf 86' lang='lat' dir='ltr'>aram</span> <span class='ocrx_word' id='word_1_8' title='bbox 1611 415 2027 492; x_wconf 69' lang='lat' dir='ltr'>consecravit,</span> 
     </span>
     <span class='ocr_line' id='line_1_3' title="bbox 324 498 2032 589; baseline -0.001 -26"><span class='ocrx_word' id='word_1_9' title='bbox 324 499 722 589; x_wconf 90' lang='lat' dir='ltr'>postmodum</span> <span class='ocrx_word' id='word_1_10' title='bbox 782 513 989 560; x_wconf 90' lang='lat' dir='ltr'>autem</span> <span class='ocrx_word' id='word_1_11' title='bbox 1053 502 1194 559; x_wconf 73' lang='lat' dir='ltr'>Jalo</span> <span class='ocrx_word' id='word_1_12' title='bbox 1244 503 1505 557; x_wconf 80' lang='lat' dir='ltr'>Ascanii</span> <span class='ocrx_word' id='word_1_13' title='bbox 1563 498 1695 562; x_wconf 85' lang='lat' dir='ltr'>filio</span> <span class='ocrx_word' id='word_1_14' title='bbox 1748 501 2032 563; x_wconf 89' lang='lat' dir='ltr'>sacerdo-</span> 
     </span>
     <span class='ocr_line' id='line_1_4' title="bbox 331 587 2030 671; baseline -0.001 -21"><span class='ocrx_word' id='word_1_15' title='bbox 331 593 490 651; x_wconf 87' lang='lat' dir='ltr'>tium</span> <span class='ocrx_word' id='word_1_16' title='bbox 524 590 775 664; x_wconf 88' lang='lat' dir='ltr'>datum,</span> <span class='ocrx_word' id='word_1_17' title='bbox 821 587 993 671; x_wconf 86' lang='lat' dir='ltr'>quod</span> <span class='ocrx_word' id='word_1_18' title='bbox 1026 611 1175 671; x_wconf 83' lang='lat' dir='ltr'>gens</span> <span class='ocrx_word' id='word_1_19' title='bbox 1214 589 1378 647; x_wconf 86' lang='lat' dir='ltr'>Julia</span> <span class='ocrx_word' id='word_1_20' title='bbox 1412 588 1489 647; x_wconf 88' lang='lat' dir='ltr'>ab</span> <span class='ocrx_word' id='word_1_21' title='bbox 1523 590 1665 648; x_wconf 72' lang='lat' dir='ltr'>Jalo</span> <span class='ocrx_word' id='word_1_22' title='bbox 1705 604 1844 649; x_wconf 90' lang='lat' dir='ltr'>orta</span> <span class='ocrx_word' id='word_1_23' title='bbox 1884 588 2030 650; x_wconf 89' lang='lat' dir='ltr'>hae-</span> 
     </span>
     <span class='ocr_line' id='line_1_5' title="bbox 330 678 2031 740; baseline 0 0"><span class='ocrx_word' id='word_1_24' title='bbox 330 678 699 740; x_wconf 87' lang='lat' dir='ltr'>reditarium</span> <span class='ocrx_word' id='word_1_25' title='bbox 724 679 1002 738; x_wconf 84' lang='lat' dir='ltr'><strong>retinuit.</strong></span> <span class='ocrx_word' id='word_1_26' title='bbox 1055 678 1413 738; x_wconf 87' lang='lat' dir='ltr'>Successive</span> <span class='ocrx_word' id='word_1_27' title='bbox 1450 690 1659 736; x_wconf 85' lang='lat' dir='ltr'>autem</span> <span class='ocrx_word' id='word_1_28' title='bbox 1690 701 1789 739; x_wconf 90' lang='lat' dir='ltr'>res</span> <span class='ocrx_word' id='word_1_29' title='bbox 1829 700 2031 740; x_wconf 87' lang='lat' dir='ltr'>sacras</span> 
     </span>
     <span class='ocr_line' id='line_1_6' title="bbox 324 764 2032 852; baseline -0.001 -24"><span class='ocrx_word' id='word_1_30' title='bbox 324 788 436 828; x_wconf 86' lang='lat' dir='ltr'>seu</span> <span class='ocrx_word' id='word_1_31' title='bbox 481 766 952 852; x_wconf 80' lang='lat' dir='ltr'>superstitiones</span> <span class='ocrx_word' id='word_1_32' title='bbox 992 767 1151 826; x_wconf 89' lang='lat' dir='ltr'>mire</span> <span class='ocrx_word' id='word_1_33' title='bbox 1203 764 1436 826; x_wconf 82' lang='lat' dir='ltr'><strong>ibidem</strong></span> <span class='ocrx_word' id='word_1_34' title='bbox 1479 767 1658 825; x_wconf 77' lang='lat' dir='ltr'>auxit</span> <span class='ocrx_word' id='word_1_35' title='bbox 1694 769 2032 842; x_wconf 78' lang='lat' dir='ltr'>Evander,</span> 
     </span>
     <span class='ocr_line' id='line_1_7' title="bbox 326 852 2033 937; baseline 0.001 -23"><span class='ocrx_word' id='word_1_36' title='bbox 326 857 441 937; x_wconf 87' lang='lat' dir='ltr'>qui</span> <span class='ocrx_word' id='word_1_37' title='bbox 491 857 556 914; x_wconf 87' lang='lat' dir='ltr'>in</span> <span class='ocrx_word' id='word_1_38' title='bbox 605 854 843 916; x_wconf 84' lang='lat' dir='ltr'>Palatio</span> <span class='ocrx_word' id='word_1_39' title='bbox 887 877 1013 915; x_wconf 89' lang='lat' dir='ltr'>non</span> <span class='ocrx_word' id='word_1_40' title='bbox 1059 852 1249 915; x_wconf 88' lang='lat' dir='ltr'>modo</span> <span class='ocrx_word' id='word_1_41' title='bbox 1297 857 1458 913; x_wconf 81' lang='lat' dir='ltr'>Pani</span> <span class='ocrx_word' id='word_1_42' title='bbox 1490 856 1623 914; x_wconf 92' lang='lat' dir='ltr'>Deo</span> <span class='ocrx_word' id='word_1_43' title='bbox 1666 854 1877 916; x_wconf 89' lang='lat' dir='ltr'>fanum</span> <span class='ocrx_word' id='word_1_44' title='bbox 1923 854 2033 915; x_wconf 90' lang='lat' dir='ltr'>de—</span> 
     </span>
     <span class='ocr_line' id='line_1_8' title="bbox 327 941 2031 1027; baseline -0.001 -24"><span class='ocrx_word' id='word_1_45' title='bbox 327 942 602 1022; x_wconf 79' lang='lat' dir='ltr'>dicavit3</span> <span class='ocrx_word' id='word_1_46' title='bbox 648 943 722 1023; x_wconf 85' lang='lat' dir='ltr'>a)</span> <span class='ocrx_word' id='word_1_47' title='bbox 773 942 946 1003; x_wconf 87' lang='lat' dir='ltr'>sedet</span> <span class='ocrx_word' id='word_1_48' title='bbox 985 941 1354 1027; x_wconf 80' lang='lat' dir='ltr'>Lupercalia</span> <span class='ocrx_word' id='word_1_49' title='bbox 1391 944 1689 1008; x_wconf 77' lang='lat' dir='ltr'>instituit:</span> <span class='ocrx_word' id='word_1_50' title='bbox 1735 945 1810 1024; x_wconf 76' lang='lat' dir='ltr'>b)</span> <span class='ocrx_word' id='word_1_51' title='bbox 1857 942 2031 1024; x_wconf 83' lang='lat' dir='ltr'>cujus</span> 
     </span>
     <span class='ocr_line' id='line_1_9' title="bbox 329 1030 2035 1117; baseline -0.001 -24"><span class='ocrx_word' id='word_1_52' title='bbox 329 1032 618 1117; x_wconf 78' lang='lat' dir='ltr'>exemplo</span> <span class='ocrx_word' id='word_1_53' title='bbox 661 1030 880 1115; x_wconf 88' lang='lat' dir='ltr'>populi</span> <span class='ocrx_word' id='word_1_54' title='bbox 923 1031 1212 1114; x_wconf 84' lang='lat' dir='ltr'>pluribus</span> <span class='ocrx_word' id='word_1_55' title='bbox 1257 1032 1442 1091; x_wconf 87' lang='lat' dir='ltr'>etiam</span> <span class='ocrx_word' id='word_1_56' title='bbox 1477 1030 1609 1091; x_wconf 89' lang='lat' dir='ltr'>aliis</span> <span class='ocrx_word' id='word_1_57' title='bbox 1652 1031 2035 1092; x_wconf 85' lang='lat' dir='ltr'>Numinibus</span> 
     </span>
     <span class='ocr_line' id='line_1_10' title="bbox 328 1118 2033 1205; baseline 0.001 -25"><span class='ocrx_word' id='word_1_58' title='bbox 328 1121 508 1182; x_wconf 90' lang='lat' dir='ltr'>aedes</span> <span class='ocrx_word' id='word_1_59' title='bbox 551 1132 933 1194; x_wconf 77' lang='lat' dir='ltr'>erexerunt3</span> <span class='ocrx_word' id='word_1_60' title='bbox 995 1122 1090 1180; x_wconf 90' lang='lat' dir='ltr'>uti</span> <span class='ocrx_word' id='word_1_61' title='bbox 1140 1122 1394 1194; x_wconf 82' lang='lat' dir='ltr'>Cereri,</span> <span class='ocrx_word' id='word_1_62' title='bbox 1455 1121 1555 1178; x_wconf 89' lang='lat' dir='ltr'>cui</span> <span class='ocrx_word' id='word_1_63' title='bbox 1612 1142 1728 1205; x_wconf 88' lang='lat' dir='ltr'>per</span> <span class='ocrx_word' id='word_1_64' title='bbox 1775 1118 2033 1181; x_wconf 87' lang='lat' dir='ltr'>feminas</span> 
     </span>
     <span class='ocr_line' id='line_1_11' title="bbox 330 1205 2036 1292; baseline -0.001 -22"><span class='ocrx_word' id='word_1_65' title='bbox 330 1208 679 1270; x_wconf 82' lang='lat' dir='ltr'>sacerdotes</span> <span class='ocrx_word' id='word_1_66' title='bbox 718 1229 892 1268; x_wconf 88' lang='lat' dir='ltr'>sacra</span> <span class='ocrx_word' id='word_1_67' title='bbox 918 1205 1236 1283; x_wconf 84' lang='lat' dir='ltr'>fecerunt,</span> <span class='ocrx_word' id='word_1_68' title='bbox 1305 1207 1378 1287; x_wconf 83' lang='lat' dir='ltr'>c)</span> <span class='ocrx_word' id='word_1_69' title='bbox 1418 1209 1819 1292; x_wconf 78' lang='lat' dir='ltr'>victimisque</span> <span class='ocrx_word' id='word_1_70' title='bbox 1863 1209 2036 1269; x_wconf 83' lang='lat' dir='ltr'>viro—</span> 
     </span>
     <span class='ocr_line' id='line_1_12' title="bbox 332 1297 2034 1382; baseline -0.002 -23"><span class='ocrx_word' id='word_1_71' title='bbox 332 1321 484 1359; x_wconf 89' lang='lat' dir='ltr'>rum</span> <span class='ocrx_word' id='word_1_72' title='bbox 523 1297 886 1382; x_wconf 83' lang='lat' dir='ltr'>placarunt,</span> <span class='ocrx_word' id='word_1_73' title='bbox 949 1297 1146 1358; x_wconf 90' lang='lat' dir='ltr'>donec</span> <span class='ocrx_word' id='word_1_74' title='bbox 1191 1299 1502 1357; x_wconf 76' lang='lat' dir='ltr'>Hercules</span> <span class='ocrx_word' id='word_1_75' title='bbox 1536 1319 1680 1358; x_wconf 88' lang='lat' dir='ltr'>cum</span> <span class='ocrx_word' id='word_1_76' title='bbox 1730 1301 2034 1375; x_wconf 81' lang='lat' dir='ltr'>Geryonis</span> 
     </span>
     <span class='ocr_line' id='line_1_13' title="bbox 331 1385 2036 1471; baseline -0.001 -25"><span class='ocrx_word' id='word_1_77' title='bbox 331 1408 560 1471; x_wconf 88' lang='lat' dir='ltr'>pecore</span> <span class='ocrx_word' id='word_1_78' title='bbox 596 1387 660 1446; x_wconf 89' lang='lat' dir='ltr'>in</span> <span class='ocrx_word' id='word_1_79' title='bbox 694 1385 932 1445; x_wconf 89' lang='lat' dir='ltr'>Italiam</span> <span class='ocrx_word' id='word_1_80' title='bbox 965 1405 1287 1459; x_wconf 74' lang='lat' dir='ltr'>reverSUS,</span> <span class='ocrx_word' id='word_1_81' title='bbox 1348 1408 1566 1446; x_wconf 89' lang='lat' dir='ltr'>eorum</span> <span class='ocrx_word' id='word_1_82' title='bbox 1597 1389 1862 1470; x_wconf 83' lang='lat' dir='ltr'>posteris</span> <span class='ocrx_word' id='word_1_83' title='bbox 1896 1407 2036 1445; x_wconf 89' lang='lat' dir='ltr'>sva-</span> 
     </span>
     <span class='ocr_line' id='line_1_14' title="bbox 331 1471 2036 1556; baseline -0.002 -21"><span class='ocrx_word' id='word_1_84' title='bbox 331 1475 531 1548; x_wconf 80' lang='lat' dir='ltr'>sisset,</span> <span class='ocrx_word' id='word_1_85' title='bbox 556 1489 626 1533; x_wconf 91' lang='lat' dir='ltr'>ut</span> <span class='ocrx_word' id='word_1_86' title='bbox 653 1473 955 1534; x_wconf 86' lang='lat' dir='ltr'>sacrificia</span> <span class='ocrx_word' id='word_1_87' title='bbox 979 1486 1298 1535; x_wconf 83' lang='lat' dir='ltr'>mutarent</span> <span class='ocrx_word' id='word_1_88' title='bbox 1328 1474 1405 1534; x_wconf 88' lang='lat' dir='ltr'>ad</span> <span class='ocrx_word' id='word_1_89' title='bbox 1422 1471 1747 1535; x_wconf 89' lang='lat' dir='ltr'>hominum</span> <span class='ocrx_word' id='word_1_90' title='bbox 1778 1476 2036 1556; x_wconf 82' lang='lat' dir='ltr'>effigiem</span> 
     </span>
     <span class='ocr_line' id='line_1_15' title="bbox 330 1561 2037 1646; baseline -0.001 -24"><span class='ocrx_word' id='word_1_91' title='bbox 330 1577 466 1624; x_wconf 86' lang='lat' dir='ltr'>arte</span> <span class='ocrx_word' id='word_1_92' title='bbox 501 1562 784 1623; x_wconf 86' lang='lat' dir='ltr'>simulata</span> <span class='ocrx_word' id='word_1_93' title='bbox 816 1565 1058 1646; x_wconf 85' lang='lat' dir='ltr'>capita,</span> <span class='ocrx_word' id='word_1_94' title='bbox 1121 1586 1248 1624; x_wconf 89' lang='lat' dir='ltr'>non</span> <span class='ocrx_word' id='word_1_95' title='bbox 1285 1576 1414 1623; x_wconf 89' lang='lat' dir='ltr'>tam</span> <span class='ocrx_word' id='word_1_96' title='bbox 1455 1561 1782 1623; x_wconf 87' lang='lat' dir='ltr'>mactando</span> <span class='ocrx_word' id='word_1_97' title='bbox 1828 1565 1997 1622; x_wconf 86' lang='lat' dir='ltr'>viros</span> <span class='ocrx_word' id='word_1_98' title='bbox 2021 1607 2037 1637; x_wconf 93' lang='lat'>,</span> 
     </span>
     <span class='ocr_line' id='line_1_16' title="bbox 333 1650 2038 1734; baseline -0.002 -23"><span class='ocrx_word' id='word_1_99' title='bbox 333 1674 529 1734; x_wconf 85' lang='lat' dir='ltr'>quam</span> <span class='ocrx_word' id='word_1_100' title='bbox 580 1671 832 1711; x_wconf 88' lang='lat' dir='ltr'>accensa</span> <span class='ocrx_word' id='word_1_101' title='bbox 881 1651 1150 1728; x_wconf 70' lang='lat' dir='ltr'>lumina,</span> <span class='ocrx_word' id='word_1_102' title='bbox 1212 1652 1295 1732; x_wconf 86' lang='lat' dir='ltr'>cl)</span> <span class='ocrx_word' id='word_1_103' title='bbox 1351 1650 1539 1712; x_wconf 90' lang='lat' dir='ltr'>Unde</span> <span class='ocrx_word' id='word_1_104' title='bbox 1589 1673 1723 1711; x_wconf 88' lang='lat' dir='ltr'>mos</span> <span class='ocrx_word' id='word_1_105' title='bbox 1766 1674 1881 1734; x_wconf 88' lang='lat' dir='ltr'>per</span> <span class='ocrx_word' id='word_1_106' title='bbox 1927 1651 2038 1709; x_wconf 88' lang='lat' dir='ltr'>Sa-</span> 
     </span>
     <span class='ocr_line' id='line_1_17' title="bbox 327 1738 2031 1824; baseline -0.002 -24"><span class='ocrx_word' id='word_1_107' title='bbox 327 1740 600 1800; x_wconf 88' lang='lat' dir='ltr'>turnalia</span> <span class='ocrx_word' id='word_1_108' title='bbox 632 1738 1004 1799; x_wconf 85' lang='lat' dir='ltr'>missitandis</span> <span class='ocrx_word' id='word_1_109' title='bbox 1055 1741 1249 1800; x_wconf 89' lang='lat' dir='ltr'>cereis</span> <span class='ocrx_word' id='word_1_110' title='bbox 1293 1743 1516 1824; x_wconf 88' lang='lat' dir='ltr'>coepit.</span> <span class='ocrx_word' id='word_1_111' title='bbox 1588 1742 1734 1799; x_wconf 88' lang='lat' dir='ltr'>Post</span> <span class='ocrx_word' id='word_1_112' title='bbox 1775 1738 2031 1800; x_wconf 88' lang='lat' dir='ltr'>modum</span> 
     </span>
     <span class='ocr_line' id='line_1_18' title="bbox 327 1827 2034 1912; baseline -0.001 -25"><span class='ocrx_word' id='word_1_113' title='bbox 327 1831 633 1888; x_wconf 70' lang='lat' dir='ltr'>Herculis</span> <span class='ocrx_word' id='word_1_114' title='bbox 675 1849 845 1888; x_wconf 86' lang='lat' dir='ltr'>sacra</span> <span class='ocrx_word' id='word_1_115' title='bbox 899 1828 1147 1912; x_wconf 88' lang='lat' dir='ltr'>speciali</span> <span class='ocrx_word' id='word_1_116' title='bbox 1201 1827 1388 1889; x_wconf 87' lang='lat' dir='ltr'>modo</span> <span class='ocrx_word' id='word_1_117' title='bbox 1443 1827 1798 1887; x_wconf 85' lang='lat' dir='ltr'>introducta</span> <span class='ocrx_word' id='word_1_118' title='bbox 1851 1839 2034 1887; x_wconf 86' lang='lat' dir='ltr'>sunt:</span> 
     </span>
     <span class='ocr_line' id='line_1_19' title="bbox 329 1914 2050 1999; baseline -0.001 -23"><span class='ocrx_word' id='word_1_119' title='bbox 329 1916 406 1995; x_wconf 82' lang='lat' dir='ltr'>e)</span> <span class='ocrx_word' id='word_1_120' title='bbox 451 1929 522 1977; x_wconf 83' lang='lat' dir='ltr'>ut</span> <span class='ocrx_word' id='word_1_121' title='bbox 567 1917 691 1976; x_wconf 80' lang='lat' dir='ltr'>viri</span> <span class='ocrx_word' id='word_1_122' title='bbox 729 1914 1007 1977; x_wconf 87' lang='lat' dir='ltr'>sedentes</span> <span class='ocrx_word' id='word_1_123' title='bbox 1042 1930 1262 1999; x_wconf 85' lang='lat' dir='ltr'>aperto</span> <span class='ocrx_word' id='word_1_124' title='bbox 1297 1918 1500 1999; x_wconf 90' lang='lat' dir='ltr'>capite</span> <span class='ocrx_word' id='word_1_125' title='bbox 1540 1917 1603 1973; x_wconf 88' lang='lat' dir='ltr'>in</span> <span class='ocrx_word' id='word_1_126' title='bbox 1637 1916 1845 1979; x_wconf 85' lang='lat' dir='ltr'>Sacris</span> <span class='ocrx_word' id='word_1_127' title='bbox 1880 1939 2050 1998; x_wconf 14' lang='lat' dir='ltr'>epu-V</span> 
     </span>
     <span class='ocr_line' id='line_1_20' title="bbox 330 2003 2037 2087; baseline 0 -24"><span class='ocrx_word' id='word_1_128' title='bbox 330 2005 652 2065; x_wconf 88' lang='lat' dir='ltr'>larentur:</span> <span class='ocrx_word' id='word_1_129' title='bbox 718 2004 903 2065; x_wconf 91' lang='lat' dir='ltr'>Unde</span> <span class='ocrx_word' id='word_1_130' title='bbox 943 2005 1281 2064; x_wconf 85' lang='lat' dir='ltr'>mulierum</span> <span class='ocrx_word' id='word_1_131' title='bbox 1327 2005 1542 2087; x_wconf 88' lang='lat' dir='ltr'>capitis</span> <span class='ocrx_word' id='word_1_132' title='bbox 1582 2003 1830 2064; x_wconf 84' lang='lat' dir='ltr'>velandi</span> <span class='ocrx_word' id='word_1_133' title='bbox 1880 2007 2037 2063; x_wconf 88' lang='lat' dir='ltr'>ritus</span> 
     </span>
     <span class='ocr_line' id='line_1_21' title="bbox 333 2090 2041 2172; baseline -0.001 -19"><span class='ocrx_word' id='word_1_134' title='bbox 333 2093 614 2153; x_wconf 88' lang='lat' dir='ltr'>invaluit.</span> <span class='ocrx_word' id='word_1_135' title='bbox 640 2092 730 2172; x_wconf 86' lang='lat' dir='ltr'>f)</span> <span class='ocrx_word' id='word_1_136' title='bbox 778 2093 1185 2154; x_wconf 87' lang='lat' dir='ltr'>Postmodum</span> <span class='ocrx_word' id='word_1_137' title='bbox 1216 2090 1583 2153; x_wconf 85' lang='lat' dir='ltr'>adveniente</span> <span class='ocrx_word' id='word_1_138' title='bbox 1630 2097 1838 2151; x_wconf 80' lang='lat' dir='ltr'>Aenea</span> <span class='ocrx_word' id='word_1_139' title='bbox 1872 2093 2041 2152; x_wconf 84' lang='lat' dir='ltr'>Lati-</span> 
     </span>
     <span class='ocr_line' id='line_1_22' title="bbox 337 2180 2039 2264; baseline -0.001 -21"><span class='ocrx_word' id='word_1_140' title='bbox 337 2204 568 2243; x_wconf 87' lang='lat' dir='ltr'>norum</span> <span class='ocrx_word' id='word_1_141' title='bbox 618 2183 835 2264; x_wconf 80' lang='lat' dir='ltr'>religio</span> <span class='ocrx_word' id='word_1_142' title='bbox 885 2181 1101 2243; x_wconf 89' lang='lat' dir='ltr'>eadem</span> <span class='ocrx_word' id='word_1_143' title='bbox 1136 2181 1268 2241; x_wconf 88' lang='lat' dir='ltr'>fere</span> <span class='ocrx_word' id='word_1_144' title='bbox 1323 2180 1474 2256; x_wconf 85' lang='lat' dir='ltr'>fuit,</span> <span class='ocrx_word' id='word_1_145' title='bbox 1542 2203 1705 2264; x_wconf 86' lang='lat' dir='ltr'>quae</span> <span class='ocrx_word' id='word_1_146' title='bbox 1758 2183 2039 2241; x_wconf 88' lang='lat' dir='ltr'>Graeco-</span> 
     </span>
     <span class='ocr_line' id='line_1_23' title="bbox 337 2269 2044 2354; baseline -0.001 -23"><span class='ocrx_word' id='word_1_147' title='bbox 337 2294 527 2346; x_wconf 73' lang='lat' dir='ltr'>rum,</span> <span class='ocrx_word' id='word_1_148' title='bbox 574 2293 798 2353; x_wconf 88' lang='lat' dir='ltr'>nempe</span> <span class='ocrx_word' id='word_1_149' title='bbox 846 2272 907 2329; x_wconf 92' lang='lat' dir='ltr'>in</span> <span class='ocrx_word' id='word_1_150' title='bbox 951 2269 1355 2330; x_wconf 86' lang='lat' dir='ltr'>multitudine</span> <span class='ocrx_word' id='word_1_151' title='bbox 1388 2270 1804 2346; x_wconf 82' lang='lat' dir='ltr'>consistebat,</span> <span class='ocrx_word' id='word_1_152' title='bbox 1851 2283 2044 2354; x_wconf 88' lang='lat' dir='ltr'>prout</span> 
     </span>
     <span class='ocr_line' id='line_1_24' title="bbox 339 2357 2041 2441; baseline -0.001 -21"><span class='ocrx_word' id='word_1_153' title='bbox 339 2364 557 2420; x_wconf 79' lang='lat' dir='ltr'>Varro</span> <span class='ocrx_word' id='word_1_154' title='bbox 599 2358 722 2441; x_wconf 89' lang='lat' dir='ltr'>jam</span> <span class='ocrx_word' id='word_1_155' title='bbox 778 2360 1031 2440; x_wconf 80' lang='lat' dir='ltr'>triginta</span> <span class='ocrx_word' id='word_1_156' title='bbox 1086 2357 1284 2419; x_wconf 83' lang='lat' dir='ltr'>Millia</span> <span class='ocrx_word' id='word_1_157' title='bbox 1341 2359 1621 2418; x_wconf 89' lang='lat' dir='ltr'>Deorum</span> <span class='ocrx_word' id='word_1_158' title='bbox 1658 2357 2041 2420; x_wconf 87' lang='lat' dir='ltr'>numerabat.</span> 
     </span>
     <span class='ocr_line' id='line_1_25' title="bbox 335 2445 2039 2530; baseline -0.001 -23"><span class='ocrx_word' id='word_1_159' title='bbox 335 2451 408 2507; x_wconf 90' lang='lat' dir='ltr'>In</span> <span class='ocrx_word' id='word_1_160' title='bbox 461 2469 736 2530; x_wconf 86' lang='lat' dir='ltr'>quorum</span> <span class='ocrx_word' id='word_1_161' title='bbox 785 2445 1092 2507; x_wconf 88' lang='lat' dir='ltr'>honorem</span> <span class='ocrx_word' id='word_1_162' title='bbox 1140 2446 1261 2530; x_wconf 87' lang='lat' dir='ltr'>jam</span> <span class='ocrx_word' id='word_1_163' title='bbox 1313 2448 1427 2506; x_wconf 90' lang='lat' dir='ltr'>sub</span> <span class='ocrx_word' id='word_1_164' title='bbox 1485 2449 1783 2508; x_wconf 87' lang='lat' dir='ltr'>Romanis</span> <span class='ocrx_word' id='word_1_165' title='bbox 1833 2461 2039 2516; x_wconf 84' lang='lat' dir='ltr'>erecta</span> 
     </span>
     <span class='ocr_line' id='line_1_26' title="bbox 339 2532 2041 2618; baseline -0.002 -21"><span class='ocrx_word' id='word_1_166' title='bbox 339 2532 489 2597; x_wconf 87' lang='lat' dir='ltr'>sunt</span> <span class='ocrx_word' id='word_1_167' title='bbox 531 2535 792 2618; x_wconf 86' lang='lat' dir='ltr'>templa,</span> <span class='ocrx_word' id='word_1_168' title='bbox 856 2538 1175 2595; x_wconf 81' lang='lat' dir='ltr'>constituti</span> <span class='ocrx_word' id='word_1_169' title='bbox 1235 2535 1624 2609; x_wconf 75' lang='lat' dir='ltr'>sacerdotes,</span> <span class='ocrx_word' id='word_1_170' title='bbox 1695 2536 1900 2595; x_wconf 86' lang='lat' dir='ltr'>oblata</span> <span class='ocrx_word' id='word_1_171' title='bbox 1948 2559 2041 2595; x_wconf 87' lang='lat' dir='ltr'>sa—</span> 
     </span>
     <span class='ocr_line' id='line_1_27' title="bbox 327 2621 2039 2707; baseline 0.004 -28"><span class='ocrx_word' id='word_1_172' title='bbox 327 2621 617 2698; x_wconf 80' lang='lat' dir='ltr'>crificia,</span> <span class='ocrx_word' id='word_1_173' title='bbox 680 2623 974 2684; x_wconf 85' lang='lat' dir='ltr'>celebrati</span> <span class='ocrx_word' id='word_1_174' title='bbox 1040 2624 1277 2707; x_wconf 82' lang='lat' dir='ltr'>publici</span> <span class='ocrx_word' id='word_1_175' title='bbox 1334 2623 1498 2683; x_wconf 87' lang='lat' dir='ltr'>Ludi</span> <span class='ocrx_word' id='word_1_176' title='bbox 1557 2637 1618 2684; x_wconf 87' lang='lat' dir='ltr'>et</span> <span class='ocrx_word' id='word_1_177' title='bbox 1671 2623 1808 2685; x_wconf 87' lang='lat' dir='ltr'>festi</span> <span class='ocrx_word' id='word_1_178' title='bbox 1867 2625 2039 2698; x_wconf 85' lang='lat' dir='ltr'>dieS‚</span> 
     </span>
     <span class='ocr_line' id='line_1_28' title="bbox 343 2711 2043 2799; baseline 0.001 -28"><span class='ocrx_word' id='word_1_179' title='bbox 343 2712 575 2797; x_wconf 89' lang='lat' dir='ltr'>quibus</span> <span class='ocrx_word' id='word_1_180' title='bbox 612 2734 942 2796; x_wconf 91' lang='lat' dir='ltr'>supremus</span> <span class='ocrx_word' id='word_1_181' title='bbox 977 2715 1232 2775; x_wconf 87' lang='lat' dir='ltr'>accessit</span> <span class='ocrx_word' id='word_1_182' title='bbox 1259 2711 1462 2772; x_wconf 90' lang='lat' dir='ltr'>honor</span> <span class='ocrx_word' id='word_1_183' title='bbox 1502 2713 1942 2799; x_wconf 86' lang='lat' dir='ltr'>vaticiniorum</span> <span class='ocrx_word' id='word_1_184' title='bbox 1981 2727 2043 2774; x_wconf 90' lang='lat' dir='ltr'>et</span> 
     </span>
    </p>
   </div>
   <div class='ocr_carea' id='block_1_3' title="bbox 1813 2803 1953 2862">
    <p class='ocr_par' dir='ltr' id='par_1_3' title="bbox 1813 2803 1953 2862">
     <span class='ocr_line' id='line_1_29' title="bbox 1813 2803 1953 2862; baseline -0.007 0"><span class='ocrx_word' id='word_1_185' title='bbox 1813 2803 1921 2862; x_wconf 90' lang='lat' dir='ltr'>Au</span> <span class='ocrx_word' id='word_1_186' title='bbox 1938 2840 1953 2852; x_wconf 37' lang='grc' dir='ltr'><strong><em>Δ</em></strong></span> 
     </span>
    </p>
   </div>
   <div class='ocr_carea' id='block_1_4' title="bbox 339 2894 657 2907">
    <p class='ocr_par' dir='ltr' id='par_1_4' title="bbox 339 2894 657 2907">
     <span class='ocr_line' id='line_1_30' title="bbox 339 2894 657 2907; baseline 0 819"><span class='ocrx_word' id='word_1_187' title='bbox 339 2894 657 2907; x_wconf 95' lang='lat' dir='ltr'> </span> 
     </span>
    </p>
   </div>
   <div class='ocr_carea' id='block_1_5' title="bbox 410 2967 2042 3239">
    <p class='ocr_par' dir='ltr' id='par_1_5' title="bbox 410 2967 2042 3239">
     <span class='ocr_line' id='line_1_31' title="bbox 410 2967 2042 3052; baseline -0.004 -27"><span class='ocrx_word' id='word_1_188' title='bbox 410 2975 487 3038; x_wconf 82' lang='grc' dir='ltr'>α)</span> <span class='ocrx_word' id='word_1_189' title='bbox 528 2972 738 3025; x_wconf 86' lang='lat' dir='ltr'>Victor.</span> <span class='ocrx_word' id='word_1_190' title='bbox 775 2991 822 3025; x_wconf 89' lang='lat' dir='ltr'>c.</span> <span class='ocrx_word' id='word_1_191' title='bbox 859 2972 907 3052; x_wconf 90' lang='lat'>5.</span> <span class='ocrx_word' id='word_1_192' title='bbox 942 2970 1031 3052; x_wconf 66' lang='lat' dir='ltr'>⁸b)</span> <span class='ocrx_word' id='word_1_193' title='bbox 1069 2971 1256 3024; x_wconf 85' lang='lat' dir='ltr'>Livius</span> <span class='ocrx_word' id='word_1_194' title='bbox 1295 2972 1358 3025; x_wconf 92' lang='lat' dir='ltr'>L.</span> <span class='ocrx_word' id='word_1_195' title='bbox 1401 2969 1447 3023; x_wconf 89' lang='lat'>1.</span> <span class='ocrx_word' id='word_1_196' title='bbox 1481 2989 1527 3024; x_wconf 86' lang='lat' dir='ltr'>c.</span> <span class='ocrx_word' id='word_1_197' title='bbox 1579 2970 1628 3025; x_wconf 86' lang='lat'>6.</span> <span class='ocrx_word' id='word_1_198' title='bbox 1665 2969 1937 3024; x_wconf 84' lang='lat' dir='ltr'>Halicarn.</span> <span class='ocrx_word' id='word_1_199' title='bbox 1977 2967 2042 3020; x_wconf 88' lang='lat' dir='ltr'>L.</span> 
     </span>
     <span class='ocr_line' id='line_1_32' title="bbox 482 3036 2040 3113; baseline -0.002 -19"><span class='ocrx_word' id='word_1_200' title='bbox 482 3041 531 3095; x_wconf 83' lang='lat'>1.</span> <span class='ocrx_word' id='word_1_201' title='bbox 570 3040 636 3113; x_wconf 84' lang='lat' dir='ltr'>c)</span> <span class='ocrx_word' id='word_1_202' title='bbox 674 3044 843 3096; x_wconf 89' lang='lat' dir='ltr'>Idem.</span> <span class='ocrx_word' id='word_1_203' title='bbox 875 3043 1011 3095; x_wconf 88' lang='lat' dir='ltr'>1b1d.</span> <span class='ocrx_word' id='word_1_204' title='bbox 1061 3042 1130 3106; x_wconf 74' lang='lat' dir='ltr'>d)</span> <span class='ocrx_word' id='word_1_205' title='bbox 1170 3041 1414 3095; x_wconf 87' lang='lat' dir='ltr'>Macrob.</span> <span class='ocrx_word' id='word_1_206' title='bbox 1453 3041 1678 3095; x_wconf 85' lang='lat' dir='ltr'>Saturn.</span> <span class='ocrx_word' id='word_1_207' title='bbox 1705 3041 1779 3093; x_wconf 89' lang='lat' dir='ltr'>.L.</span> <span class='ocrx_word' id='word_1_208' title='bbox 1822 3038 1872 3092; x_wconf 84' lang='grc'>1.</span> <span class='ocrx_word' id='word_1_209' title='bbox 1903 3057 1948 3091; x_wconf 88' lang='lat' dir='ltr'>c.</span> <span class='ocrx_word' id='word_1_210' title='bbox 1990 3036 2040 3091; x_wconf 90' lang='lat'>7.</span> 
     </span>
     <span class='ocr_line' id='line_1_33' title="bbox 481 3108 2038 3239; baseline 0 -6"><span class='ocrx_word' id='word_1_211' title='bbox 481 3110 550 3233; x_wconf 64' lang='lat' dir='ltr'>i?</span> <span class='ocrx_word' id='word_1_212' title='bbox 587 3113 883 3239; x_wconf 54' lang='lat' dir='ltr'>{325³}i2125t</span> <span class='ocrx_word' id='word_1_213' title='bbox 897 3108 1490 3238; x_wconf 40' lang='lat' dir='ltr'>afstassais</span> <span class='ocrx_word' id='word_1_214' title='bbox 1490 3114 1509 3177; x_wconf 69' lang='lat'>³</span> <span class='ocrx_word' id='word_1_215' title='bbox 1541 3111 1786 3169; x_wconf 45' lang='lat' dir='ltr'>Mm&#39;h</span> <span class='ocrx_word' id='word_1_216' title='bbox 1817 3109 2038 3167; x_wconf 51' lang='lat' dir='ltr'>samm</span> 
     </span>
    </p>
   </div>
  </div>
 </body>
</html>
