2097 3726
516 173 1305 238 Romanorum,
1593 173 1676 254 59

72 348 243 431 genti
286 345 459 409 clade
500 367 631 413 100.
677 344 943 405 millium
974 346 1263 405 virorum
1310 347 1548 423 affecit,
1594 360 1658 408 et
1686 345 1765 406 ad

71 457 287 519 pacem
337 433 820 518 amplectendam
868 456 937 493 ea
978 433 1113 516 lege
1150 434 1383 517 adegit3
1431 435 1510 513 a)
1558 448 1626 493 ut
1668 434 1766 517 ju-

71 527 245 583 ribus
289 526 350 583 iu
390 525 634 597 Asiam,
683 520 1040 602 Bithyniam
1079 537 1142 582 et
1179 524 1632 606 Cappadociam
1662 546 1765 583 re-

68 614 412 671 nunciaret.
460 613 576 670 Cui
625 609 792 670 bello
837 611 947 669 vix
993 631 1145 694 pace
1184 614 1564 694 composito,
1626 633 1765 672 suc-

66 713 383 761 cesserunt
422 698 587 758 Bella
633 697 872 758 Civilia.

244 787 357 846 Ill.
411 787 637 846 Civilia
676 789 862 846 Bella
898 787 1232 870 praecipua
1269 797 1462 846 erant.
1508 786 1555 846 Ι.
1591 790 1760 848 inter

65 876 459 935 Triumviros
502 877 823 949 Marium,
895 877 1193 950 Cinnam,
1257 888 1320 935 et
1365 879 1627 951 Syllam.
1674 875 1755 934 II.

65 964 230 1023 inter
259 965 652 1023 Triumviros
676 965 1042 1039 Pompejzmz
1060 1009 1075 1038 ,
1107 965 1345 1022 salium
1389 966 1719 1022 Caesarem
1740 1007 1758 1038 ‚

62 1065 127 1112 et
172 1052 483 1110 Crassum.
555 1052 667 1111 III.
724 1054 888 1111 inter
932 1052 1331 1112 Triumviros
1376 1053 1760 1122 Antoniam,

61 1142 411 1216 Lepidam,
492 1151 554 1200 et
606 1143 937 1199 Octaviam
999 1142 1352 1201 Caesarem.
1413 1140 1492 1199 ab
1539 1141 1617 1200 A.
1676 1141 1756 1199 U.

64 1229 313 1290 666.-
337 1230 477 1287 ¹722.
520 1239 582 1288 et
621 1226 893 1310 quidem.

235 1317 280 1374 I.
328 1315 574 1376 Bellum
622 1316 822 1377 Civile
865 1318 1028 1377 inter
1073 1318 1392 1391 Marium,
1461 1318 1759 1390 Cinnam,

57 1418 121 1464 et
160 1406 424 1480 Syllam.
467 1404 541 1462 A.
589 1406 663 1463 U.
714 1403 856 1466 666.
891 1403 1064 1487 cujus
1101 1407 1279 1488 origo
1326 1428 1361 1463 a
1412 1403 1580 1465 bello
1626 1407 1761 1462 Mi-

53 1495 399 1551 thridatico
436 1491 773 1576 repetenda
810 1508 936 1567 est,
984 1515 1098 1553 eo:
1170 1492 1342 1575 quod
1383 1495 1644 1552 Maria-s
1683 1491 1762 1549 li·-

54 1594 154 1641 cet
191 1594 391 1641 aetate
429 1579 696 1654 fractus,
758 1594 965 1641 tamen
1006 1578 1416 1641 Mithridatici
1453 1579 1605 1641 belli
1651 1601 1763 1639 cu-

53 1667 315 1752 piditate
377 1669 680 1750 flagrans,
777 1683 1138 1750 tantamque
1196 1668 1433 1752 gloriae
1481 1682 1757 1751 segetem

53 1760 303 1833 Syllae,
365 1756 567 1838 legato
608 1755 760 1816 olim
794 1778 905 1817 suo
943 1756 1264 1829 invidens,
1325 1779 1441 1841 per
1490 1760 1760 1834 Sulpici-

47 1868 154 1906 um
208 1844 577 1907 Tribunum
619 1843 820 1927 plebis
872 1847 1032 1928 egit,
1123 1859 1190 1904 ut
1242 1843 1305 1903 id
1349 1844 1583 1906 bellum
1635 1845 1757 1905 sibi

49 1933 477 1994 mandaretur.
526 1932 604 2012 b)
653 1934 790 2006 Qua
825 1956 895 1995 re
936 1933 1106 2014 Sylla
1149 1947 1498 1994 commotus
1542 1933 1620 1995 de
1657 1933 1758 2017 ju-

49 2044 121 2081 re
176 2022 384 2104 legum
430 2020 813 2082 contendere
866 2025 1109 2105 coepit,
1178 2044 1453 2106 moxque
1506 2023 1753 2083 Urbem

54 2132 396 2193 occupans,
471 2112 839 2194 proscriptis
907 2109 1289 2172 seditionum
1352 2111 1753 2185 auctoribuS‚

52 2201 391 2276 Sulpiciam
441 2198 706 2273 occidit,
785 2214 847 2260 et
875 2202 1162 2260 Mariam
1224 2203 1287 2259 in
1332 2198 1611 2260 Africam
1647 2200 1753 2260 fu-

48 2289 258 2367 gavit3
330 2290 512 2363 Sylla
545 2309 700 2348 vero
742 2289 806 2347 in
846 2287 1062 2349 Asiam
1099 2288 1418 2372 profectus
1453 2288 1749 2349 adversus

49 2379 496 2434 slsitlzriclatem
519 2374 782 2436 feliciter
814 2398 1094 2458 pugnans
1114 2421 1129 2449 ‚
1164 2375 1517 2459 Bithyniam
1538 2424 1553 2452 ‚
1585 2379 1750 2459 Cap-

49 2463 374 2546 padociam
417 2476 480 2522 et
523 2463 735 2522 Asiam*
769 2467 1022 2546 recepit.
1069 2467 1316 2526 Interea
1351 2468 1607 2525 Marias
1635 2465 1748 2524 ad·-

47 2550 303 2636 juvante
350 2553 547 2610 Cinna
589 2550 892 2626 Consule,
940 2553 1206 2612 Romam
1241 2576 1383 2613 cum
1408 2556 1618 2638 Copiis
1658 2557 1748 2612 ir·-

49 2663 349 2726 rumpens
374 2642 702 2700 Octavium
718 2639 1054 2699 Consulem
1070 2644 1161 2700 M.
1185 2645 1520 2702 Antonium
1537 2657 1748 2703 orato-
1799 2652 1803 2657 ’

1482 2724 1654 2804 ιἐηι,ν

112 2813 188 2876 a)
230 2810 420 2862 Plutar
456 2810 512 2863 in
544 2811 692 2882 Sylla
728 2811 962 2882 Appian.
998 2813 1055 2864 in
1091 2812 1402 2869 Mithridat.
1490 2813 1562 2885 h)
1607 2814 1743 2872 Vell,

182 2880 360 2933 Pater.
400 2882 461 2934 L.
499 2881 547 2934 2.
588 2882 733 2936 Flor.
773 2885 832 2932 L.
861 2880 909 2933 3.
938 2901 984 2937 e.
1023 2879 1113 2936 21.
1146 2883 1425 2943 Plutarch.
1458 2886 1515 2937 in
1565 2884 1744 2935 Mario

183 2959 239 3001 et
271 2952 440 3021 Sylla.
476 2952 590 3006 Liv.
630 2954 780 3022 Epit.
818 2952 882 3006 L.
907 2950 995 3005 77.
1028 2969 1138 3021 seq.
1172 2954 1400 3025 Eutrop.
1431 2955 1496 3010 L.
1527 2955 1581 3009 5.
1621 2955 1745 3022 Ap-

181 3020 331 3091 pian.
379 3023 447 3074 de
497 3023 626 3078 bell.
674 3023 829 3074 Civil.
874 3022 936 3072 L.
977 3020 1024 3075 1.
1077 3024 1320 3076 Orosius.
1368 3027 1434 3077 L.
1479 3026 1530 3082 5.
1576 3043 1621 3079 c,
1660 3023 1741 3080 19.

181 3090 372 3151 Aurei.
416 3092 560 3151 Vict.
597 3093 664 3145 de
706 3094 846 3149 Virts
880 3091 1080 3146 illustr.
1114 3112 1162 3147 c.
1200 3092 1282 3148 67.
1321 3113 1475 3169 seqq.
