2097 3726
661 211 1451 268 Romanorum.
1693 210 1775 270 ‘75

167 400 328 455 quam
378 392 441 435 ut
488 381 711 433 Summa
769 387 1033 449 potestaS,
1099 395 1238 449 quae
1284 387 1439 431 antea
1482 393 1646 451 penes
1697 377 1873 448 Reges

174 465 317 515 erat,
371 471 515 505 nunc
550 452 615 502 ad
654 449 977 521 Optimates
1025 449 1447 514 devolveretur,
1500 458 1555 500 et
1594 450 1652 500 in
1690 449 1878 502 locum

172 529 333 576 unlus
356 564 369 587 ‚
410 524 594 593 plures
629 522 1020 582 abuterei‘ltur3
1073 520 1297 571 demum
1329 529 1392 570 ut
1426 519 1639 572 labores
1678 529 1732 570 et
1772 538 1872 589 pe-

172 595 341 646 ricula
363 596 431 645 ad
469 591 707 647 intimam
748 591 967 660 plebem
987 589 1367 655 deferrenturf,
1406 607 1542 661 quae
1579 587 1871 642 manifeste

171 665 328 716 docet
363 682 497 715 nova
521 703 535 725 ,
592 679 727 732 quae
764 661 1002 728 Regibus
1056 661 1332 730 abrogatis
1376 661 1598 712 inducta
1630 658 1741 711 fuit
1768 661 1879 711 Re-

169 735 389 804 giminis
426 733 641 798 soi-mag
681 751 805 783 nam
843 731 1209 783 Patriciorum
1261 748 1319 782 ea
1356 731 1649 800 praecipua
1686 731 1874 784 statim

173 823 301 856 cura
340 803 477 866 fuit,
530 812 593 853 ut
639 802 892 872 deinceps
929 819 1143 853 summa
1184 802 1406 872 imperii
1449 801 1737 873 MajestaS,
1781 817 1883 854 ex-

171 875 318 926 clusa
351 873 541 944 plebe,
593 873 653 925 in
700 874 908 924 Senatu
943 881 999 924 et
1044 871 1260 924 duobus
1299 870 1625 924 Consulibus
1667 871 1882 923 reside-

165 953 287 1009 ret3
341 943 487 995 unde
543 943 590 996 si
642 960 994 996 communem
1044 942 1263 1013 plebem
1312 942 1880 1007 consideraverimUS,

163 1032 225 1065 ea
265 1031 378 1065 non
416 1014 485 1066 ab
524 1013 794 1084 imperiO,
852 1013 948 1065 sed
987 1022 1207 1065 tantum
1243 1031 1273 1065 a
1317 1013 1541 1067 nomine
1587 1011 1759 1081 Regio
1805 1012 1880 1064 li-
1940 1016 1941 1019 ’

162 1083 390 1146 berata3
443 1085 555 1136 imo
592 1102 753 1154 saepe
794 1082 987 1137 durius
1023 1083 1124 1135 sub
1164 1083 1496 1136 Consulibus
1533 1090 1588 1134 et
1636 1081 1837 1135 Senatu
1861 1121 1878 1146 ‚

163 1172 329 1223 quam
357 1153 460 1206 sub
492 1155 731 1224 Regibus
764 1164 921 1207 antea
960 1163 1186 1206 tractata
1221 1152 1370 1216 fuit3
1410 1170 1578 1224 quare
1614 1153 1781 1205 etiam
1821 1154 1880 1205 in

157 1225 599 1296 desperationem
630 1235 778 1288 acta,
814 1225 1011 1277 iterato
1043 1243 1111 1276 ex
1145 1224 1280 1277 urbe
1300 1225 1566 1280 excessit,
1605 1240 1704 1274 nec
1729 1223 1880 1292 prius

159 1296 410 1349 revocari
452 1296 665 1365 potuit,
716 1313 881 1368 quam
918 1295 1212 1367 proprium
1250 1304 1306 1346 et
1341 1294 1661 1347 distinctum
1700 1294 1880 1362 Magi-

161 1374 399 1418 stratum
434 1366 797 1426 obtinuisset,
846 1368 943 1436 qui
981 1368 1138 1420 Cives
1178 1375 1368 1417 contra
1405 1373 1657 1436 potentes
1696 1365 1878 1418 Patri-

161 1437 275 1488 cios
310 1445 597 1489 tueretur:
640 1437 713 1488 ita
761 1435 1015 1489 Tribuni
1030 1433 1222 1507 plebis
1251 1435 1496 1487 instituti
1530 1443 1658 1486 sunt
1679 1473 1694 1497 ,
1734 1452 1878 1504 quo-

161 1525 291 1560 rum
321 1507 668 1560 institutione
706 1507 1095 1578 tranquillitati
1135 1516 1189 1557 et
1225 1504 1510 1558 securitati
1549 1504 1886 1556 miserorum

164 1577 382 1629 Civium
434 1576 770 1630 sufficienter
807 1577 1125 1631 consultum
1161 1576 1489 1629 videbatur:
1532 1574 1753 1633 interim
1797 1585 1884 1626 ta-

162 1665 293 1700 men
326 1665 521 1699 eorum
560 1647 866 1707 institutiO,
927 1647 1382 1717 subsequeutium
1419 1645 1888 1697 Gravissimarum

158 1718 459 1770 turbarum
495 1718 665 1788 Origo
707 1717 895 1772 evasit.
937 1718 1079 1770 Nam
1118 1735 1252 1768 mox
1287 1732 1479 1768 eorum
1517 1715 1887 1779 institutione,

160 1796 311 1839 totus
348 1787 592 1858 Populus
629 1788 912 1839 Romanus
963 1787 1179 1840 divisus
1218 1796 1335 1838 erat
1371 1788 1430 1839 in
1467 1785 1600 1840 duas
1634 1795 1886 1855 potentes

161 1858 466 1915 factiones,
515 1859 880 1928 Uptz'matum
907 1868 1179 1931 nempelet
1216 1855 1436 1921 Plebis,
1475 1874 1605 1908 nam
1645 1857 1696 1910 T
1699 1856 1888 1908 ribuni

161 1947 274 1981 non
330 1928 499 1980 modo
554 1929 923 1985 Patriciorum
989 1928 1366 1999 arrogantiam
1414 1936 1469 1979 et
1525 1927 1887 1980 ambitionem

162 1999 491 2073 profligat-(23
532 2000 625 2050 sed
661 2000 819 2070 plane
852 2000 1018 2052 etiam
1056 2000 1287 2051 Senatus
1325 2015 1551 2051 omnem
1585 1998 1887 2051 auetorita-

163 2080 275 2123 tem
324 2067 516 2121 tollere
565 2071 944 2135 conabantur,
1003 2088 1141 2141 quae
1184 2088 1309 2121 cum
1364 2070 1484 2139 jure
1540 2086 1602 2120 ac
1653 2068 1886 2123 honeste

163 2158 277 2192 non
318 2141 741 2211 impetrassent,
790 2141 958 2194 etiam
1005 2141 1062 2192 vi
1094 2139 1338 2195 adhibita
1381 2149 1767 2192 extorserunt:
1820 2148 1885 2190 ut

164 2211 423 2279 deinceps
467 2214 781 2282 promiscua
809 2210 1007 2263 fierent
1035 2210 1429 2276 Matrimonia,
1473 2211 1605 2262 item
1642 2219 1706 2264 ut
1741 2227 1884 2262 unus

165 2279 472 2332 Consulum
514 2300 731 2352 semper
771 2281 839 2333 de
873 2282 1033 2335 Plebe
1071 2282 1407 2351 eligeretur,
1446 2282 1559 2332 imo
1598 2281 1763 2332 etiam
1801 2280 1885 2350 jus

167 2349 314 2418 leges
349 2349 593 2406 ferendi.
633 2352 807 2405 invito
839 2352 1047 2404 Senatu
1083 2352 1189 2407 sibi
1222 2352 1503 2407 vindicare
1531 2350 1888 2407 studuerunt.

169 2420 388 2486 Quibus
441 2421 702 2476 omnibus
755 2423 1060 2483 institutiS,
1151 2423 1416 2494 quoniam
1479 2422 1888 2493 perspexissent

169 2508 283 2545 non
321 2491 426 2543 nisi
463 2502 683 2542 mutuas
720 2492 1082 2544 dissensiones
1107 2532 1123 2556 ‚
1182 2503 1236 2546 et
1263 2492 1583 2564 frequentes
1620 2492 1888 2544 violentas

169 2560 362 2617 caedes
398 2561 715 2626 induxisse,
772 2579 949 2632 neque
1001 2562 1246 2614 infinitos
1287 2564 1486 2615 abusus
1525 2563 1720 2614 tollere
1756 2559 1889 2632 p'os-

167 2648 264 2697 se,
336 2632 442 2683 nisi
493 2631 722 2684 Summa
787 2631 1140 2685 Gubernandi
1211 2642 1450 2702 potestas
1506 2633 1734 2685 tandem
1789 2632 1888 2685 uni

171 2703 639 2755 committeretur.
716 2702 860 2754 Hinc
896 2719 1054 2771 saepe
1092 2703 1314 2771 quidem
1355 2702 1698 2755 Dictator-es
1742 2702 1888 2770 regia

173 2782 444 2846 potestate
484 2773 639 2824 electi
673 2781 860 2837 erantj,
914 2774 1022 2824 Sed
1059 2773 1155 2824 ubi
1197 2791 1392 2824 eorum
1429 2791 1591 2844 opera
1622 2773 1890 2841 tantisper

170 2843 513 2914 reipublicae
552 2844 777 2899 vulnera
800 2852 981 2895 sanata
1009 2842 1260 2907 fuissent,
1293 2844 1548 2912 abrogata
1574 2843 1852 2893 Dictalura
1872 2881 1889 2907 ,

176 2913 363 2965 denuo
419 2914 525 2981 jam
576 2915 630 2965 in
685 2914 1104 2965 invalescentem
1157 2913 1416 2966 morbum
1472 2913 1674 2985 relapsi
1730 2923 1889 2975 sunt,

176 2982 359 3036 donec
395 2984 621 3036 tandem
660 2985 821 3036 unius
861 2985 1097 3056 imperio
1133 2993 1306 3035 semet
1341 2983 1729 3052 subjecissent,
1778 3002 1887 3055 quo

175 3061 438 3128 tempore
480 3054 771 3110 Octavius.
792 3056 975 3109 omnia
1009 3055 1104 3109 uni
1141 3054 1247 3108 sibi
1287 3054 1603 3109 vindicavit.

1643 3124 1688 3205 ς.
1742 3129 1797 3188 5.
