2097 3726
498 222 560 278 R
608 241 641 277 o
686 241 747 275 m
792 240 833 275 a
879 240 919 275 n
966 239 1081 274 αν
1128 241 1168 276 a
1215 240 1290 274 m.
1579 217 1657 276 (57

47 394 289 457 hostem
328 410 674 457 commeatu
712 392 1116 454 interclusum
1162 390 1322 450 fame
1375 394 1750 454 vincendum

0 474 3 555 l
46 489 389 558 statuisset,
450 484 802 547 decretorio
858 480 1099 564 praelio
1146 482 1471 540 commisso
1519 485 1752 557 victus,

0 559 2 664 3
47 576 130 654 a)
177 573 327 656 fuga
363 576 426 632 in
470 574 827 655 Aegyptum
875 592 936 629 se
975 571 1323 651 proripuit3
1393 570 1498 628 ubi
1542 574 1751 628 Ptolo-

0 667 2 742 3
41 666 204 721 maei
238 665 402 744 regis
455 660 532 719 ad
573 682 766 744 quem
801 656 1203 739 confugiebat
1244 657 1459 717 fraude
1504 680 1571 716 ae
1617 658 1746 741 jus—

0 760 2 837 3
46 773 152 825 su,
193 753 428 810 occisus
462 761 588 823 est,
634 748 712 826 b)
760 770 809 806 a.
852 750 1063 806 aetatis
1108 749 1204 829 59.
1259 758 1319 805 et
1370 770 1418 804 a.
1473 748 1548 804 U.
1603 748 1744 824 706.

38 839 250 920 ltaque
303 840 540 896 Caesar
593 839 836 910 victor,
898 837 1136 895 cunctis
1180 833 1570 917 Pompejanis
1616 859 1746 892 ma-

0 947 1 1001 }
39 951 160 1008 gna
199 927 561 987 clementiae
604 924 786 985 laude
829 939 1184 986 erratorum
1229 926 1476 982 veniam
1525 945 1747 984 concev

0 1022 1 1043 ³
39 1018 188 1074 dens
215 1061 230 1089 ,
295 1037 444 1075 mox
486 1013 936 1076 Alexandriam
980 1015 1186 1087 venit,
1247 1012 1357 1071 ubi
1403 1012 1548 1070 dum
1594 1017 1748 1071 Plo-

39 1106 262 1162 lomaei
294 1115 356 1164 et
402 1107 776 1181 Cleopatrae
807 1104 1039 1162 sororis
1079 1103 1538 1161 controversias
1576 1122 1746 1160 com»

35 1214 274 1273 ponere
328 1206 709 1266 conaretur,
783 1190 862 1251 ab
906 1213 1054 1272 rege
1100 1190 1234 1251 fere
1287 1188 1738 1272 opprimendus

38 1295 213 1354 erat,
261 1283 327 1338 ni
363 1281 619 1343 classem
659 1303 828 1341 suam
856 1326 872 1353 ‚
920 1301 998 1339 ne
1040 1281 1104 1337 in
1141 1291 1512 1363 potestatem
1553 1276 1744 1336 hosti-

37 1391 148 1428 um
179 1371 462 1446 veniret,
511 1367 955 1443 succendisset3
994 1390 1124 1450 quo
1162 1366 1448 1427 incendio
1486 1366 1744 1425 nobilis.-

32 1458 183 1517 sima
222 1457 324 1518 illa
363 1458 787 1518 Alexandriae
835 1454 1218 1517 Bibliotheca
1265 1479 1301 1514 a
1335 1457 1746 1530 Philadelpho

31 1547 390 1606 Ptolomaeo
448 1549 744 1608 instructa
800 1545 1227 1627 conflagravit.
1309 1542 1381 1620 c)
1447 1544 1745 1603 Ceterum

30 1636 200 1694 victo
247 1648 308 1694 et
349 1637 549 1697 occiso
590 1639 947 1695 Ptolomaeo
974 1680 988 1709 ‚
1037 1654 1303 1714 regnum
1369 1635 1742 1708 Cleopatrae

28 1726 340 1782 restituit:
410 1722 553 1784 dein
597 1726 991 1784 Pharnacem
1040 1723 1447 1780 Mithridatis
1501 1719 1740 1793 filium,

32 1812 465 1871 Romanorum
506 1812 659 1874 fines
698 1825 1044 1871 vastantem
1078 1812 1289 1895 primo
1337 1811 1577 1893 impetu
1626 1808 1739 1868 de-

36 1900 320 1961 bellavit.
384 1903 459 1982 d)
520 1904 746 1961 sabam
790 1901 1209 1961 Mauritaniae
1248 1919 1497 1981 regem,
1555 1901 1743 1956 Calo-

25 2011 102 2047 ne
145 2004 403 2050 auctore
443 1989 681 2051 bellum
722 1990 922 2050 Civile
963 1991 1026 2049 in
1064 1987 1281 2047 Africa
1330 1987 1691 2047 molientem
1715 2032 1730 2061 5

24 2076 293 2157 devicit3
357 2081 432 2155 e)
478 2081 828 2157 Afranium
869 2100 1023 2138 vero
1066 2089 1129 2138 et
1166 2076 1317 2136 alios
1367 2079 1510 2137 500.
1548 2075 1742 2135 Sena„

28 2179 197 2227 tores
235 2167 435 2227 occidi
481 2167 698 2251 jussit3
762 2191 884 2251 qua
927 2166 1280 2227 calamitate
1340 2168 1494 2224 Cato
1545 2187 1623 2223 ne
1672 2165 1734 2222 in

37 2257 333 2313 Caesaris
375 2269 742 2338 potestatem
783 2259 1034 2318 veniret
1058 2301 1073 2329 ,
1131 2257 1355 2313 Uticae
1396 2252 1738 2313 violentam

26 2359 299 2404 mortem
336 2345 456 2404 sibi
508 2347 828 2406 conscivit.
899 2343 1141 2416 Quibus
1173 2341 1458 2403 felicibus
1496 2362 1739 2400 succes—-

25 2432 192 2492 sibus
223 2433 494 2492 Ornatus
546 2436 784 2492 Caesar
827 2435 1094 2492 Romam
1129 2453 1420 2492 reversus
1458 2442 1736 2512 quatuor

26 2517 378 2604 triumphos
419 2520 674 2596 retulit,
720 2542 947 2604 nempe
987 2519 1300 2581 Gallicum
1324 2566 1340 2595 ,
1391 2519 1737 2600 Aegyptia*

825 2631 860 2669 e
895 2613 927 2669 2
1457 2628 1597 2665 cum
1626 2651 1643 2679 ‚

92 2783 166 2846 a)
219 2782 431 2835 Ceesar.
469 2781 610 2838 ibid.
664 2778 901 2833 Annales
951 2777 1157 2831 Lucani
1198 2777 1266 2828 de
1323 2776 1617 2829 Pharsalia.
1658 2773 1733 2846 b)

161 2852 440 2906 Plutarch.
487 2853 554 2904 de
606 2851 735 2919 fuga
774 2859 829 2900 et
867 2859 1045 2900 morte
1085 2847 1349 2918 Pompeji.
1389 2848 1628 2918 Appiam.
1666 2847 1729 2896 L.

164 2920 217 2973 2.
262 2923 329 2974 de
366 2923 496 2976 bell.
549 2923 704 2975 Civil.
759 2919 833 2989 c)
886 2920 1101 2971 Hirtius
1151 2919 1343 2971 Pansa.
1383 2918 1445 2969 L.
1499 2917 1566 2967 de
1600 2915 1728 2967 bell.

166 2993 560 3046 Alexandrino.
598 2992 875 3045 Plutarch.
926 2991 983 3041 in
1023 2990 1271 3043 Caesare.
1321 2988 1425 3039 Dio
1472 2987 1616 3037 Cass.
1661 2985 1723 3036 L.

167 3060 253 3116 41.
293 3063 372 3136 d)
410 3065 580 3116 Idem.
618 3062 754 3114 ibid.
805 3061 870 3133 e)
912 3060 1101 3128 Vellej.
1139 3060 1200 3111 L.
1239 3057 1294 3115 2,
1331 3057 1545 3111 Hirtius
1580 3057 1723 3109 Pan-

168 3151 248 3193 sa.
285 3133 354 3187 de
386 3135 515 3191 bell.
550 3132 842 3191 Africano·
878 3131 1002 3188 Dio.
1032 3132 1174 3185 Cass.
1215 3129 1278 3183 L.
1319 3126 1410 3186 43.
