2097 3726
409 186 441 244 5
452 187 529 245 50
849 175 1146 232 Ilistoria
1192 171 1454 250 Imperii

311 357 555 418 storiam
599 352 1010 434 scripserunt:
1087 349 1356 406 Ioannes
1389 346 1625 403 Jessem‘
1679 342 1990 423 Progeni-

311 466 405 505 em
444 442 779 521 Augustam
814 436 1106 496 divorum
1139 438 1599 518 Imperatorum
1641 433 2000 491 Ferdinan-

307 535 368 588 cli
410 532 456 585 I.
505 543 565 586 et
603 528 1027 586 flffaximiliatzi
1077 527 1167 582 II.
1215 527 1633 602 [Volsgrangas
1683 524 1996 593 Latzias,

307 630 497 677 exstat
543 619 603 673 in
650 616 939 673 Sclzccrdii
971 615 1170 671 Tomo
1198 612 1269 670 Π.
1310 613 1598 669 Basilius
1645 612 1823 685 Joqzn.
1856 612 1994 667 He-

306 708 510 762 rolclas
550 705 864 762 Hanoviae
923 702 1106 763 1615.
1148 698 1224 760 de
1264 701 1700 758 *Maximilicmi
1739 700 1826 756 II.
1864 700 1994 756 vita

304 805 540 851 exstant
586 792 930 875 Scriptores
981 791 1045 847 in
1099 791 1399 847 Sclzarclii
1454 789 1653 851 Tomo
1709 788 1819 846 III.
1880 787 1995 842 Ja-

300 881 404 936 cob
445 882 713 938 stIenlizcs
749 879 1065 960 Augustae
1112 877 1294 937 1597.
1340 880 1394 936 4.
1451 879 1629 934 Joan.
1677 877 1996 933 Voertlza-

301 971 440 1025 sias,
502 968 762 1025 Joamzes
825 968 1228 1026 Justiniatms.
1294 965 1563 1025 Basileae
1629 966 1816 1025 1554.
1871 964 1994 1022 Al-

283 1058 559 1133 plcorzsus
614 1057 811 1130 Ulloe,
858 1052 1043 1114 Basel.
1087 1056 1270 1116 1568.
1308 1058 1361 1113 4.
1407 1055 1761 1130 Christoph.
1813 1054 1887 1110 V
1879 1074 1992 1110 ar-

301 1145 560 1204 sevicias
596 1145 947 1205 Orationem
982 1145 1232 1228 scripsit
1287 1145 1351 1200 in
1390 1154 1659 1203 mortem
1695 1142 1992 1202 Maximi-

299 1231 459 1289 liani.
499 1269 582 1278 -—
634 1231 731 1291 Ad
765 1233 1077 1307 Raclolplzi
1119 1235 1210 1290 II.
1254 1231 1599 1294 Historiam
1640 1230 1787 1292 fecit
1835 1251 1992 1312 opus

298 1321 647 1378 Abrahami
703 1324 1065 1379 Hosmamzi.
1114 1321 1387 1404 Leipzig.
1448 1323 1636 1389 1612.
1691 1323 1747 1380 4.
1813 1320 1992 1377 011ἔὶ-

298 1410 574 1484 stoplzori
645 1413 992 1468 Varsevicii
1054 1410 1273 1472 Oratio
1340 1409 1418 1470 de
1493 1409 1992 1471 Christianorum

298 1507 511 1556 contra
556 1499 781 1558 Turcas
817 1499 1098 1558 victoria.
1147 1498 1245 1558 Ad
1283 1500 1624 1559 Historiam
1661 1499 1989 1557 Matthiae

299 1587 691 1667 Imperatoris
731 1586 875 1646 facit
906 1588 1141 1649 Jesseni
1185 1590 1520 1649 Coronatio
1561 1584 1857 1649 Matthiae
1891 1609 1992 1647 re-

294 1674 383 1754 gis
409 1673 759 1756 Hungariae
795 1675 1146 1758 Hamburgi
1174 1678 1358 1739 1609.
1399 1681 1454 1739 4.
1492 1677 1596 1737 Ad
1639 1678 1990 1735 Ferclinan-

297 1763 359 1818 dc·
419 1763 507 1821 II.
563 1764 901 1824 Historiam
943 1767 1266 1826 Matthiae
1324 1769 1707 1825 Nemziclzeni
1761 1766 1982 1826 Oratio

295 1849 535 1909 Graecii
594 1851 773 1913 1619.
819 1854 965 1912 item
1023 1855 1196 1913 Joan.
1253 1858 1427 1915 Frid.
1487 1857 1830 1936 JWIcztenesii
1873 1853 1985 1912 Li-

296 1934 395 1994 bri
455 1949 574 1998 tres
618 1936 694 2000 de
740 1939 1047 2023 parentela
1103 1944 1405 2006 electione
1466 1946 1853 2003 Fet-dinandi
1893 1944 1984 2002 II.

297 2024 584 2086 Coloniae
635 2030 829 2088 vitam
877 2032 1259 2092 Ferclitzancli
1310 2037 1558 2118 scripsit
1609 2035 1984 2092 Franciscns

293 2114 364 2168 de
412 2116 638 2189 Smiclc‚
686 2116 1065 2201 Antverpiae
1108 2122 1291 2184 1658.
1346 2125 1399 2183 4.
1446 2121 1547 2188 Ad
1596 2123 1896 2198 Leopoldi
1930 2121 1982 2177 I.

293 2199 626 2261 Historiam
671 2203 814 2264 facit
859 2208 1033 2266 Joatz.
1088 2213 1440 2270 Reinlzarcli
1491 2214 1741 2271 Marxii
1786 2211 1984 2269 Fran-
2065 2271 2073 2277 ,

289 2286 511 2348 cofurti
554 2292 733 2353 1658.
784 2296 841 2353 4.
891 2298 1320 2375 Sigismzmclas
1372 2302 1653 2359 Schmidt
1704 2300 1979 2358 Franco-

290 2372 441 2434 furti
490 2378 669 2440 1697.
708 2382 769 2439 in
822 2404 947 2465 quo
986 2387 1227 2470 singula
1261 2388 1502 2472 plenius
1555 2402 1977 2473 exponuntur.

295 2460 387 2522 De
421 2464 674 2550 reliquis
714 2482 919 2530 autem
952 2474 1446 2560 Imperatoribus
1486 2476 1620 2539 fuse
1674 2474 1842 2561 apud
1889 2474 1978 2534 Cl.

291 2549 493 2612 Palma
518 2600 535 2629 ,
582 2557 752 2637 Pray.
790 2560 1067 2638 Katona,
1120 2568 1429 2627 Gatterer.
1464 2570 1829 2626 IIistoriam
1863 2587 1980 2624 azi-

292 2647 412 2696 tem
475 2645 896 2707 Universalem
947 2654 1360 2738 scripserunt,
1424 2656 1556 2716 Sec.
1604 2657 1782 2717 XIV.
1829 2655 1981 2712 Pto-

288 2727 549 2824 lemaeus
585 2736 877 2795 Lucensis
917 2739 997 2799 ab
1031 2763 1086 2804 a.
1134 2744 1422 2805 106Ο.--
1463 2745 1651 2805 1507.
1674 2740 1978 2827 Lugdun-

289 2833 352 2872 m
391 2817 567 2917 1619.
610 2822 897 2899 Siſj'riclas
934 2828 1267 2912 Presbyter
1307 2834 1554 2917 scripsit
1584 2829 1939 2893 Chronicon
1962 2874 1978 2904 ,

288 2901 451 3000 qnod
498 2929 557 2963 m
613 2913 1050 2996 compendium
1095 2920 1335 3003 redegit
1390 2924 1696 3001 Georgius
1749 2920 1980 2978 Fabri-

283 3009 412 3048 ctus
473 2992 735 3079 Lipsiae.
831 3001 1017 3069 1669.
1092 3011 1406 3071 Hetzricas
1466 3013 1649 3072 Stero
1703 3005 1984 3068 Annales

1585 3097 1849 3182 Scripsit
1870 3141 1888 3172 ‚
