2097 3726
441 130 866 209 Antiquarum
920 128 1386 188 Germanorum.
1601 118 1727 215 549

122 310 374 370 famiam
450 308 676 389 laqueo
737 303 1101 364 finiverunt.
1211 305 1363 365 Rari
1422 304 1637 389 gladiis
1706 318 1819 365 aut

124 396 468 480 majoribus
510 394 732 456 lanceis
785 406 1086 470 utuntur3
1131 390 1327 454 hastas
1389 417 1498 456 seu
1549 395 1814 455 frameas

128 498 359 570 gerunt
411 507 489 545 ex
536 495 794 566 angusto
829 496 892 542 et
930 482 1111 542 brevi
1153 481 1319 543 ferro
1343 527 1358 556 ,
1395 483 1617 545 sedita
1662 483 1820 542 acri-

129 590 191 637 e-'t
228 574 305 633 ad
356 590 537 633 usum
591 571 817 644 habili,
865 584 936 630 ut
986 570 1204 632 eodem
1268 572 1428 645 telo,
1477 585 1667 656 prout
1717 594 1821 630 ra·-

126 667 213 723 tio
284 663 482 747 poscit
555 672 855 744 pugnent.
947 661 1024 719 Et
1082 681 1270 743 eques
1327 675 1501 719 scuto
1555 659 1820 736 framea-

135 774 263 835 que
330 764 658 811 contentus
720 761 824 809 esta
933 747 1200 809 Pedites·
1238 761 1301 808 et
1361 748 1580 808 misilia
1648 770 1824 832 spar-

131 855 324 922 gunt,
361 839 674 923 pluraque
712 836 938 921 singuli
991 837 1258 897 vibrant.
1353 837 1536 897 Scuta
1578 851 1826 896 tantum

130 930 472 989 lectissimis
503 927 821 988 coloribus
863 927 1248 1008 distingvunt
1274 969 1288 996 ‚
1327 928 1536 1008 paucis
1572 926 1821 996 loricae,

130 1020 242 1077 vix
291 1017 398 1074 uni
460 1015 720 1077 alterive
773 1017 950 1076 cassis
1016 1027 1126 1073 aut
1192 1013 1378 1096 galea.
1472 1015 1824 1074 Maximum

130 1118 349 1165 contra
389 1102 589 1167 hostes
636 1106 1104 1164 incitamentum
1135 1116 1271 1162 erat
1315 1115 1518 1161 turma
1552 1115 1829 1161 matrum

134 1192 578 1277 filiorumque,
620 1196 735 1277 qui
781 1207 920 1277 post
971 1194 1166 1252 aciem
1211 1193 1295 1249 ita
1347 1191 1829 1265 collocabantur,

135 1296 207 1342 ut
261 1281 638 1342 seminarum
697 1282 1006 1355 ululatus,
1064 1302 1135 1339 ac
1188 1282 1434 1362 vagitus
1501 1280 1835 1339 infantium

133 1369 338 1430 audiri
418 1386 696 1454 possent:
760 1369 823 1430 hi
872 1373 1100 1452 cuique
1162 1370 1526 1429 sanctissimi
1605 1382 1827 1443 testeS‚

135 1458 197 1517 hi
255 1462 511 1518 maximi
563 1460 916 1519 laudatores
986 1472 1181 1518 erant.
1274 1457 1491 1558 Atque
1551 1457 1633 1517 ita
1682 1478 1831 1516 con-

134 1549 363 1608 stitutis
416 1547 718 1608 militibus
741 1547 1142 1631 ‚complures
1205 1547 1393 1605 etiam
1428 1547 1723 1605 victorias
1758 1543 1835 1604 de

134 1637 432 1696 Romanis
501 1656 692 1720 repol
700 1651 830 1695 tare
907 1646 1247 1718 poterant·
1235 1680 1250 1710 ,
1329 1632 1496 1693 unde
1576 1637 1833 1691 Tacitus

138 1727 598 1784 Gelmanolum
645 1724 742 1784 fol
728 1723 1116 1796 titudinem,
1175 1725 1285 1804 qui
1334 1721 1450 1780 sub
1495 1713 1839 1799 Vespasia-

136 1835 213 1870 no
262 1836 502 1897 plaeses
557 1813 894 1897 Belgarum
937 1811 1092 1886 fuit,
1135 1810 1317 1870 brevi
1356 1811 1560 1894 elogio
1616 1813 1701 1872 sic
1732 1833 1837 1870 01-

136 1914 274 1960 nat:
311 1925 482 1960 nemo
514 1904 734 1962 bellam
777 1905 1105 1961 Get-manis
1144 1903 1357 1959 intulit
1393 1903 1656 1977 impune.¹
1748 1906 1843 1961 Ita

134 1995 420 2050 omnium
448 1995 650 2074 primo
692 1993 972 2075 experlri
1013 1989 1328 2050 debebant
1372 1989 1640 2048 Romani
1669 1991 1837 2049 vires

147 2081 538 2138 Cimbrorum
599 2104 649 2139 a.
699 2103 752 2138 u.
806 2082 950 2141 640.
1002 2076 1176 2161 cujus
1214 2077 1354 2138 belli
1425 2079 1719 2136 Cimbrici
1756 2077 1840 2137 ob

139 2166 381 2227 illatum
420 2171 723 2228 Romanis
753 2167 1051 2243 dedecus,
1095 2169 1305 2226 cuncti
1337 2168 1671 2250 scriptores
1709 2168 1841 2225 Ro-

138 2258 305 2314 mani
349 2256 592 2317 silentio
628 2260 1091 2340 praeteriisent‚
1137 2258 1254 2313 nisi
1299 2260 1557 2315 Orosius
1606 2254 1692 2333 a)
1731 2276 1845 2337 po·-

147 2347 413 2403 steritati
447 2346 532 2404 sic
568 2346 1027 2404 transmisisset:
1061 2366 1095 2401 a
1126 2344 1397 2403 Cimbris
1432 2366 1635 2405 caesos
1689 2343 1844 2402 duos

142 2431 421 2491 Consulis
473 2431 670 2504 filios,
720 2436 820 2492 80.
867 2432 1062 2490 millia
1093 2432 1523 2491 Romanorum
1566 2447 1627 2492 et
1673 2431 1847 2491 Sociae-

143 2542 324 2578 orum
368 2520 688 2580 trucidata.
742 2522 838 2579 40.
877 2520 1071 2578 millia
1107 2517 1411 2579 Calenum
1451 2535 1512 2580 et
1533 2522 1838 2579 Lixarum

143 2607 508 2683 interfecta,
548 2623 610 2668 et
660 2623 737 2667 ex
794 2611 964 2666 omni
1014 2608 1299 2667 Romano
1353 2611 1685 2684 exercitu,
1737 2606 1844 2667 de*

143 2718 277 2756 cem
349 2709 589 2756 tantum
630 2695 949 2770 homines5
988 2694 1161 2755 velut
1200 2695 1386 2755 cladis
1443 2697 1702 2756 nuncios
1738 2715 1843 2755 su«s

144 2783 458 2869 perfuisse.
551 2784 753 2869 Hujus
800 2784 945 2846 belli
1001 2787 1187 2846 etiam
1261 2789 1514 2845 chcz'tces
1561 2780 1838 2845 mentio—-

1605 2890 1752 2935 nem

161 2967 469 2977 ———----—-—-

222 3051 293 3110 a)
337 3047 584 3100 Orosius.
624 3045 682 3100 L.
723 3046 766 3099 5.
810 3069 857 3105 c.
896 3043 973 3100 16.
