2097 3726
566 148 828 204 Romani
878 145 1240 202 Germanici.
1531 145 1566 200 4
1587 170 1601 206 ι
1628 170 1643 206 ι

58 317 436 383 occiderunt.
507 322 692 381 Anno
757 321 941 382 1099.
1000 319 1170 379 Urbs
1218 318 1747 393 Ηὶενοεοζγηιίία-

61 432 177 483 na,
231 413 325 470 15.
372 412 520 471 Julii
548 458 563 485 ,
616 411 713 470 58.
756 407 1091 468 obsidionis
1127 408 1226 467 die
1265 407 1582 466 Saracenis
1615 429 1747 466 ere-

59 512 164 580 pta
219 514 339 559 est:
408 502 516 559 ubi
570 510 809 556 tantum
858 495 1109 555 humani
1173 497 1484 577 sangvinis
1541 493 1748 553 fusum

60 600 226 666 crat,
274 602 345 647 ut
381 608 700 648 caesorum
739 606 1040 666 corpora,
1088 585 1248 643 unda
1284 582 1596 665 sangvinis
1636 585 1752 640 im—

60 674 270 757 plente
304 677 666 736 nataverint.
716 675 785 733 In
822 671 934 732 hac
977 675 1240 732 victoria
1280 673 1584 754 quoniam
1629 673 1747 728 Go-

58 766 335 838 defridas
366 767 766 822 Bullionczeus
798 760 1214 845 spectantibus
1245 759 1534 820 omnibus
1556 804 1571 832 ‚
1603 780 1752 818 con-

57 853 281 911 scensis
335 851 694 926 moenibus,
761 852 998 934 primus
1039 852 1103 908 in
1140 849 1386 910 Urbem
1434 849 1753 930 irrumpe-

63 951 199 1012 ret,
268 941 581 1000 communi
636 961 937 1001 consensu
994 939 1231 1024 primus
1281 939 1755 1012 Hierosoffmo-a

64 1048 209 1086 rum
247 1027 384 1088 Rex
419 1043 658 1089 creatus
701 1041 803 1089 est.
854 1029 966 1088 Cui
1004 1027 1140 1087 loco
1184 1029 1463 1087 Coronae
1498 1045 1755 1098 aureae,

61 1113 234 1174 flexis
285 1117 543 1199 genibus
591 1117 668 1176 ad
727 1116 1124 1200 sepulchrum
1171 1114 1423 1174 Domini
1467 1134 1757 1197 procum-

63 1202 239 1262 benti
297 1208 574 1289 spineam
636 1227 934 1265 coronam
991 1203 1173 1266 fuisse
1232 1206 1582 1284 impositam
1626 1215 1757 1260 tra-

65 1288 255 1351 dunt:
290 1297 399 1376 qui
439 1298 623 1355 etiam
646 1294 879 1354 ibidem
911 1295 1011 1377 pie
1036 1306 1318 1352 mortuus
1353 1307 1443 1351 est
1476 1314 1525 1351 a.
1568 1292 1754 1350 1100.

63 1383 368 1460 Prodigia
416 1405 568 1443 vero
616 1381 927 1443 horrenda
982 1394 1408 1466 apparuerunt
1460 1404 1508 1440 a.
1568 1377 1755 1439 1099.

61 1467 373 1528 fulserunt
426 1473 638 1554 igneae
684 1473 874 1545 acies,
936 1469 1211 1530 exauditi
1258 1483 1401 1528 sunt
1462 1468 1758 1549 strepitus

63 1555 532 1640 confligentium
568 1562 994 1620 exercituum:
1044 1561 1108 1616 in
1150 1556 1320 1618 coelo
1362 1569 1620 1617 cruenta
1659 1576 1760 1613 ar-

62 1667 165 1703 ma
202 1649 367 1720 visa,
414 1646 572 1708 faces
613 1646 932 1718 ardente8‚
993 1648 1325 1705 monstrosi
1369 1659 1579 1728 partus
1627 1641 1759 1702 edi-

67 1734 148 1808 ti,
216 1733 403 1798 locuti
448 1735 706 1796 infantes
762 1738 825 1793 in
880 1748 1061 1795 utero
1100 1736 1350 1809 matris,
1410 1754 1597 1818 panes
1632 1730 1760 1789 fra-

62 1823 147 1881 cti
177 1820 416 1884 fluxere
450 1827 747 1907 sangvine
766 1870 781 1899 ,
813 1845 1165 1882 muscarum
1194 1825 1549 1904 ignotarum
1580 1841 1761 1882 exer-

65 1911 221 1969 citus
264 1914 327 1970 in
371 1935 513 1974 aere
542 1913 914 1974 volitarunt:
969 1914 1153 1974 1059.
1192 1934 1269 1972 ex
1306 1910 1609 1995 stupenda
1647 1908 1760 1989 hy-

64 2001 216 2057 emis
263 2004 590 2084 asperitate
630 2015 691 2062 et
727 2001 1173 2075 diuturnitate,
1237 1999 1424 2059 fames
1470 2014 1532 2061 et
1572 1999 1760 2084 pestis

63 2101 270 2147 secuta
325 2105 430 2156 est,
498 2093 680 2153 1086.
734 2091 1066 2173 Aquarum
1114 2087 1437 2148 inundatio
1482 2091 1546 2148 in
1585 2087 1761 2147 Italia

67 2190 130 2236 et
147 2176 393 2237 Flauria
426 2180 690 2238 maxima
724 2181 910 2239 etiam
934 2177 1212 2239 aedificia
1235 2182 1534 2261 corrupit.
1575 2177 1759 2238 1091.

68 2267 141 2322 In
185 2265 568 2325 Normannia
599 2265 735 2327 fons
773 2270 1084 2349 sangvinis
1134 2289 1247 2350 per
1285 2265 1561 2326 triduum
1606 2265 1762 2326 ebu-

67 2349 177 2409 liit.
226 2352 662 2414 Terraemotus
697 2367 759 2414 et
809 2369 1031 2415 ventus
1077 2357 1139 2413 in
1183 2355 1444 2416 Graecia
1488 2356 1761 2417 enormis

70 2440 478 2520 grassabatur.
549 2443 850 2502 Locustae
897 2454 1101 2503 tantae
1147 2444 1529 2519 volitarunt,
1562 2458 1632 2503 ut
1663 2465 1761 2503 so-

68 2526 190 2586 lem
240 2528 649 2590 obscurarent
685 2551 761 2589 ex
815 2552 1081 2613 quarum
1121 2530 1385 2613 putridis
1442 2531 1761 2592 cadaveri-

68 2615 185 2675 bus
223 2621 408 2698 pestis
450 2618 846 2701 sequebatur.
890 2634 1003 2680 etc.

246 2707 417 2766 XIX.
460 2711 778 2765 Henricus
832 2711 909 2766 V.
957 2709 1235 2766 IIenrico
1287 2707 1404 2764 IV,
1450 2717 1665 2787 patre,
1700 2717 1765 2765 et

69 2796 320 2852 Bertlza
375 2810 575 2855 matre
628 2810 846 2869 nattis,
911 2818 1176 2856 uxorem
1224 2791 1439 2852 habuit
1487 2794 1763 2850 Mamil-

68 2887 246 2955 clem,
313 2905 389 2944 ex
429 2908 550 2967 qua
590 2907 777 2943 unam
823 2883 1010 2943 filiam
1057 2886 1437 2943 Clzristinam
1478 2884 1762 2965 suscepit.

77 2973 399 3033 Henricus
449 2974 550 3036 hic
604 2995 719 3059 per
770 2971 1088 3035 vilentiam
1148 2987 1388 3058 patrem
1449 2992 1624 3116 suum
1686 2968 1762 3031 de

1518 3081 1586 3119 so
1615 3079 1672 3118 ιο
