2097 3726
367 214 444 271 88
829 212 1437 272 Historia

268 397 385 445 aut
421 385 707 446 crucibus
753 385 930 462 affixi
953 433 970 464 ,
1017 401 1133 448 aut
1159 392 1583 467 flammancli‚
1640 404 1830 471 atque
1872 395 1980 452 ubi

266 477 583 551 defecisset
626 477 791 547 dies,
845 477 912 533 in
969 499 1148 537 usam
1202 484 1493 538 nocturni
1533 485 1788 540 laminis
1830 506 1980 542 ure-

266 575 508 623 rentur.
557 566 805 622 Hortos
843 586 985 621 suos
1027 569 1084 624 ei
1136 571 1492 643 spectaculo
1527 573 1700 629 Nero
1737 571 1984 630 obtule-

268 663 394 712 rat.
454 653 588 714 Hac
653 655 1086 736 persecutione
1153 658 1297 733 SS.¹
1332 659 1564 716 Petras
1627 673 1692 720 et
1742 661 1984 719 Paulas

265 741 506 802 Romae
560 743 868 822 martyrio
916 745 1202 802 coronati
1257 758 1416 804 sunt.
1482 746 1564 806 II.
1622 749 1987 808 Persecutio

264 827 390 889 fuit
439 829 560 890 sub
607 832 980 888 Domitiano
1025 832 1195 891 circa
1257 855 1307 890 a.
1365 854 1467 915 90.
1529 858 1653 918 qua
1711 838 1984 895 Joannes

265 917 606 1000 Apostolus
632 919 698 976 in
731 914 1064 979 Pathmum
1096 919 1359 981 insulam
1395 919 1516 983 fuit
1550 923 1880 1008 relegatus.
1920 924 1990 1007 a)

269 1007 383 1068 ΙΙΙ.
427 1006 786 1072 Persecutio
840 1005 958 1066 sub
1031 1012 1217 1084 Ulpio
1275 1013 1562 1083 Trojano
1600 1011 1679 1072 ad
1731 1036 1782 1080 a,
1841 1016 1984 1073 108.

267 1117 346 1157 ex
383 1097 583 1155 afficta
619 1118 654 1154 a
687 1093 1056 1157 Christianis
1082 1100 1146 1155 in
1185 1098 1349 1157 Deos
1388 1112 1451 1158 et
1483 1102 1847 1184 Principem
1874 1100 1986 1160 fla·-

269 1185 451 1268 gitia:
514 1182 595 1263 b)
642 1206 768 1266 qua
809 1185 950 1246 vice
988 1187 1287 1264 Ignatias
1333 1187 1767 1250 Antiochenus
1798 1212 1833 1250 e
1870 1189 1987 1270 Sy-

266 1276 364 1334 ria
412 1273 683 1335 Romam
733 1271 971 1333 delatus
1030 1288 1094 1335 et
1154 1273 1365 1335 bestiis
1425 1275 1515 1335 ibi
1575 1276 1980 1361 objeciendus

266 1374 421 1425 erat.
488 1361 598 1423 IV.
662 1361 798 1421 Sub
857 1364 1204 1422 Hadriano
1249 1365 1523 1425 Caesare.
1589 1365 1664 1445 c)
1724 1367 1801 1427 V.
1848 1365 1983 1425 Sub

269 1454 586 1510 Antonino
617 1452 748 1530 Pio,
789 1463 852 1511 et
890 1451 1006 1513 sub
1036 1454 1129 1512 M
1161 1455 1421 1510 Aurelio
1453 1456 1827 1534 Plzq'losopho
1849 1499 1864 1527 ,
1910 1475 1981 1514 ac

270 1542 472 1600 Lucio
509 1542 679 1598 Vero
719 1537 1054 1618 fratribus;
1091 1563 1218 1624 qua
1257 1554 1619 1624 tempastate
1644 1565 1763 1628 pro
1797 1541 1981 1602 Chri-

267 1624 888 1712 stianisdupplicem
941 1628 1321 1713 Apologiam
1379 1631 1646 1715 Scripsit
1689 1622 1980 1691 ,Iustinus

271 1717 369 1776 M.
407 1728 523 1777 etc.
577 1716 657 1796 d)
702 1716 993 1779 Cessante
1021 1717 1133 1777 hac
1168 1720 1643 1801 persecutione,
1686 1723 1856 1780 circa
1897 1718 1981 1779 fi·-

272 1826 420 1866 nem
464 1804 653 1864 seculi
711 1802 1000 1880 secundi,
1070 1807 1231 1866 varii
1276 1807 1539 1865 honores
1594 1805 1792 1870 habiti
1835 1822 1981 1868 sunt

208 1907 210 1911 ’
272 1892 691 1975 Martyribus3
739 1896 829 1952 uti
865 1893 1209 1976 Singularis
1244 1915 1394 1955 cura
1419 1901 1788 1974 sepultarae
1808 1897 1980 1956 Mar-

273 1996 493 2062 tyrum
518 2028 534 2054 ,
582 1983 646 2041 in
687 1983 881 2056 arcis,
926 1985 1094 2065 agris
1119 2028 1136 2060 ‚
1198 1985 1471 2068 cryptis,
1533 1984 1684 2047 locis
1720 1984 1983 2060 abditis,

276 2069 393 2131 ubi
452 2093 580 2131 non
633 2093 954 2153 nunquam
1003 2084 1140 2132 tuto
1182 2074 1522 2133 convenire
1571 2073 1749 2133 licuit
1796 2071 1981 2133 Chri-

272 2159 504 2219 stianis.
559 2160 1179 2220 Comtnemorationes
1219 2162 1597 2238 Martyrum
1637 2161 1832 2222 factae
1871 2186 1981 2221 an-

272 2248 623 2309 niversario
681 2247 782 2308 die
830 2249 1139 2332 Martyrii.
1226 2251 1571 2310 Conventus
1607 2253 1848 2328 publici
1904 2248 1983 2310 ad

272 2336 634 2416 Martyrum
679 2336 971 2398 tumulos.
1036 2341 1452 2417 Privileginm
1498 2342 1878 2417 Mar-tyram
1922 2351 1984 2397 et

285 2427 720 2503 Confissornm
745 2471 761 2497 ,
809 2448 916 2485 seu
953 2425 1155 2488 adhuc
1191 2427 1553 2488 carceribus
1592 2428 1866 2502 detenti,
1913 2440 1984 2486 ut

279 2512 432 2574 dare
465 2515 703 2597 possint
733 2513 914 2596 lapsis
942 2529 1002 2575 et
1038 2517 1503 2599 poenitentibus
1524 2523 1709 2593 pacis
1741 2521 1980 2576 literas,

275 2603 348 2684 e)
392 2603 897 2664 Persecutionem
946 2607 1277 2664 Hadriani
1329 2610 1663 2668 renovavit
1709 2611 1983 2666 Severus

1760 2696 1894 2754 Im·-

350 2863 424 2935 a)
463 2862 728 2943 Eusebius
766 2863 818 2914 in
843 2863 1049 2942 Cliton.
1090 2874 1142 2916 et
1177 2866 1325 2922 Hist.
1364 2868 1426 2918 L.
1460 2865 1515 2921 3.
1553 2886 1598 2921 c.
1634 2864 1718 2920 13.
1757 2862 1823 2921 h)
1868 2864 1979 2915 Pli-

419 2951 569 3056 332512
594 2930 857 3081 {3131}
885 2934 1234 3071 2¹·5‘1-912202)
1254 2933 1980 3077 ¹³¹y2⁶>

424 3075 494 3126 Et
529 3074 586 3126 in
619 3091 773 3127 novis
806 3075 871 3127 ad
904 3076 1219 3131 Eusebium.
1257 3093 1382 3147 pag.
1415 3073 1498 3133 73.
