2097 3726
1643 207 1668 217 .-

562 215 842 269 Romano
882 210 1246 266 Germanici.
1550 206 1584 266 5
1595 228 1625 266 2
1639 220 1672 264 D

68 391 493 465 Lotharingi,
535 391 605 446 vi
664 402 805 446 ante
847 385 1146 468 piobatae
1197 386 1526 444 sanctionis
1578 384 1769 463 Prag-

66 479 325 537 maticae
398 476 834 558 amplissimam
916 477 1108 556 patris
1168 476 1261 533 sui
1323 471 1767 532 haereditatem

67 565 312 625 aditura
367 564 672 648 imp‹d11e
727 586 853 622 non
923 566 1130 644 potuit
1175 608 1190 635 ‚
1255 563 1410 642 quin
1469 557 1766 618 Bohemia

66 669 130 713 et
164 653 443 736 reliquae
490 650 880 711 haereditatis
919 651 1282 709 Austriacae
1315 651 1598 750 legiones
1633 646 1767 706 bel-

66 741 109 801 li
159 740 604 801 calamitatibus
651 752 1154 822 exponer·entui
1205 739 1513 819 impiimis
1562 750 1766 795 autem

76 833 342 889 Carolus
399 831 552 888 VII.
601 829 901 888 Bavariae
961 828 1249 899 Elector,
1297 847 1331 885 e
1377 823 1500 883 filia
1547 826 1771 881 Fer-cli-

68 922 262 977 nandi
307 921 359 975 I.
408 930 609 990 ortus,
658 932 980 999 praeterea
1025 916 1284 989 Joseplza'
1326 917 1377 971 I.
1426 918 1582 996 Imp,
1649 911 1769 970 fili-

61 1029 170 1066 -am
209 1027 470 1065 uxorem
507 1003 777 1081 habens,
825 1004 922 1089 jus
969 1004 1367 1064 successionis
1413 1001 1776 1060 Austriacae

68 1093 148 1156 ad
184 1116 244 1154 se
291 1092 1074 1176 pertinerecontendebat.
1144 1091 1292 1151 Tale
1340 1090 1433 1172 jus
1482 1104 1773 1173 praeten-

62 1182 259 1243 debat
321 1184 654 1260 Augustas
700 1185 826 1240 III.
876 1182 1181 1241 Saxoniae
1247 1180 1494 1240 Elector
1547 1192 1609 1238 et
1652 1179 1770 1236 Po-

66 1271 275 1332 —loniae
323 1294 438 1331 rex
486 1285 624 1353 post
669 1293 938 1330 uxorem
984 1293 1156 1330 suam
1213 1271 1468 1343 Josephz·
1517 1270 1567 1324 I.
1616 1268 1774 1348 Imp.

66 1362 385 1419 minorem
436 1357 644 1419 filiam.
742 1361 1076 1442 Hispaniae
1126 1381 1239 1418 rex
1300 1360 1629 1433 Philippus
1696 1357 1773 1412 V.

71 1471 150 1509 ex
190 1449 651 1508 Constitutione
720 1451 932 1507 Caroli
984 1452 1060 1507 ls.
1133 1447 1369 1508 Italicas
1421 1445 1778 1529 provincias

67 1535 151 1597 ad
196 1558 259 1597 se
320 1540 642 1618 pertinere
702 1535 1028 1597 asserebat.
1121 1536 1280 1595 Galli
1327 1535 1471 1594 licet
1534 1534 1777 1592 Sancti-

67 1646 256 1686 onem
294 1626 744 1708 Pragmaticam
788 1624 910 1706 jam
956 1625 1417 1709 probaverant,
1464 1643 1629 1681 nunc
1684 1635 1776 1679 ta·-

69 1736 219 1773 men
272 1735 515 1775 sensum
555 1715 673 1775 alio
720 1729 1197 1786 convertenteS,
1256 1715 1482 1770 Carolo
1529 1712 1774 1770 Bavaro

74 1804 648 1887 patrocinabantur.
697 1807 1061 1862 Fridericzcs
1111 1804 1198 1860 II.
1246 1801 1582 1874 Borussus7
1620 1821 1775 1881 qua-

70 1906 220 1950 tuor
277 1888 535 1951 ducatus
587 1891 837 1952 Silesiae
886 1890 1022 1975 jure
1069 1890 1147 1950 ad
1193 1913 1256 1950 se
1303 1893 1623 1972 pertinere
1662 1910 1776 1972 po-

78 1978 310 2040 stulans
359 1979 526 2040 bello
561 1983 781 2063 petiit,
820 1994 880 2042 et
918 1995 1133 2064 postea
1187 2000 1436 2040 omnem
1487 1977 1771 2037 Silesiam

78 2070 269 2128 armis
334 2084 698 2152 occupatam
759 2070 878 2129 sihi
941 2068 1222 2152 subJ‘ecit.
1329 2069 1647 2127 Austriam
1716 2079 1781 2126 et

77 2155 440 2217 Bohemiam
497 2158 876 2217 invadebant
930 2181 1078 2218 mox
1136 2156 1462 2217 Gallorum
1522 2157 1778 2237 copiae,

75 2245 316 2328 quibus
347 2268 545 2329 piope
577 2249 659 2307 ΡΙ
665 2270 838 2330 agam
872 2249 1122 2308 accessit
1146 2248 1342 2305 Bavar
1348 2268 1529 2305 orum
1568 2258 1630 2304 et
1665 2244 1775 2302 Sa-

81 2355 317 2392 xonum
358 2336 703 2410 exercitus,
752 2358 944 2417 quai
920 2335 1263 2418 Metropoli
1309 2332 1471 2392 haud
1515 2322 1778 2393 difficul-

84 2436 182 2482 tel
241 2438 624 2506 expugnata,
683 2382 944 2483 Carolus
991 2425 1292 2483 Albertas
1352 2423 1599 2483 Elector
1661 2423 1780 2481 Ba-

84 2512 293 2571 variae
327 2515 519 2572 ¹etiam
567 2510 902 2574 Bohemiae
947 2514 1086 2572 Rex
1128 2511 1572 2573 declarabatur.
1636 2513 1777 2583 Quo

85 2602 150 2658 in
193 2601 475 2683 periculo
501 2604 727 2660 Maria
784 2605 1082 2661 leeresicz
1128 2616 1441 2685 oportune
1481 2602 1631 2658 inita
1668 2622 1777 2681 pa·-

78 2709 156 2748 οε
218 2691 292 2746 V
287 2695 716 2750 ratislaviensi
764 2714 906 2751 cum
953 2694 1279 2750 Friclerzssco
1325 2693 1413 2749 II.
1476 2690 1577 2748 cui
1621 2687 1778 2748 Sile-

84 2779 238 2836 siam
291 2778 651 2841 inferiorem
692 2795 1106 2856 concesserat3
1153 2779 1286 2838 aliis
1326 2793 1532 2839 autem
1576 2778 1779 2836 omni-

85 2864 244 2941 buS,
292 2867 742 2950 Hungarorum
810 2872 992 2930 unice
1052 2867 1174 2929 fide
1207 2914 1222 2942 ,
1269 2868 1613 2927 constantia
1652 2910 1669 2939 ‚
1718 2876 1784 2926 et

89 2957 367 3031 virtute,
431 2959 887 3040 gloriosissimis
957 2959 1238 3016 victoriis
1301 2955 1590 3017 obstitit:
1654 2956 1781 3015 imo

89 3060 418 3128 postquam
474 3049 764 3107 Carolmtz
818 3048 1148 3106 Albertzcm
1198 3047 1505 3106 Bavarum
1551 3057 1615 3106 et
1657 3046 1778 3104 Im-

1518 3156 1692 3218 pera-
