2097 3726
556 190 1343 253 Romanorum,
1612 191 1729 270 189

116 383 269 424 aevo
316 377 377 422 et
447 365 891 420 Germanicorum
948 362 1222 436 Collegia
1288 377 1430 420 sunt
1488 363 1813 435 instituta,

117 451 193 512 ad
236 452 536 510 Ecclesiae
592 451 931 509 ministeria
960 493 975 521 ‚
1042 448 1211 529 quod
1256 472 1482 510 nomen
1524 453 1816 532 primitus

120 543 296 601 officii
354 553 416 598 et
468 537 749 619 regulae,
815 536 1049 596 tardius
1103 536 1387 596 beneficii
1445 551 1505 598 et
1557 539 1824 622 dignita-

125 631 199 689 tis
237 643 339 688 est.

300 715 344 792 ᾗ.
398 716 451 774 5.
502 717 724 773 Status
765 716 1062 772 Politiczcs
1097 725 1156 770 et
1205 715 1437 768 Forma
1487 717 1822 791 regimini&

122 806 377 864 Mortuo
445 805 772 860 Theodosio
829 804 920 859 stff.
981 815 1183 861 totum
1231 802 1581 859 Romanum
1634 804 1829 885 impe-

125 895 285 950 rium
334 892 391 948 vi
442 892 787 951 testamenti
826 888 956 971 ejus
1000 891 1269 949 divisum
1308 890 1425 948 fuit
1470 893 1631 950 inter
1674 890 1828 952 duos

126 980 281 1040 filios
346 981 467 1037 ita:
538 991 608 1037 ut
675 982 999 1037 flonetius
1064 976 1457 1050 Occidentis,
1520 983 1831 1038 Arcadias

130 1091 279 1129 vero
329 1069 603 1127 Orientis
660 1073 1011 1148 Imperator
1053 1082 1241 1144 esset3
1289 1090 1323 1124 a
1373 1089 1500 1148 quo
1543 1081 1831 1151 tempore

129 1160 207 1215 ita
245 1156 366 1215 fuit
396 1157 752 1216 Romanum
792 1158 1132 1239 Imperium
1180 1155 1483 1229 divisum,
1546 1171 1616 1214 ut
1670 1179 1832 1215 nun-

130 1269 320 1328 quam
377 1244 641 1327 amplius
704 1244 1022 1304 coaluerit.
1103 1246 1395 1305 Ceterum
1466 1245 1839 1304 Theodosias

131 1337 220 1394 M.
266 1335 632 1408 morittium,
668 1355 867 1415 quum
915 1333 1159 1392 videret
1209 1331 1369 1391 filios
1421 1331 1504 1391 ob
1550 1344 1832 1394 teneram

130 1435 396 1483 aetatem
431 1436 602 1481 tanto
636 1422 899 1504 imperio
935 1420 1318 1482 moderando
1363 1418 1527 1479 haud
1573 1442 1700 1482 esse
1729 1444 1840 1503 pa-

133 1533 265 1583 reS‚
315 1509 453 1569 ideo
504 1510 759 1593 Imperii
816 1512 1081 1570 Tutores
1136 1510 1488 1581 ordinavit,
1554 1512 1841 1568 Honorio

136 1602 518 1671 Seditionem,
589 1600 868 1656 Arcadio
899 1619 1053 1657 vero
1089 1600 1416 1674 Rufinam,
1471 1598 1582 1677 qui
1623 1619 1845 1658 eorum

138 1699 401 1749 aetatem
469 1686 859 1768 supplenteS‚
934 1688 1185 1768 imperii
1246 1705 1462 1744 curam
1525 1700 1838 1766 gererent.

137 1780 380 1838 Verum
431 1774 613 1834 brevi
671 1772 897 1834 horum
947 1777 1260 1834 Tutorum
1311 1774 1598 1833 immanis
1648 1774 1849 1834 ambi-

141 1866 227 1924 tio
258 1884 508 1923 omnem
545 1863 899 1922 Romanam
937 1885 1073 1923 rem
1116 1859 1573 1946 pessumdedit3
1621 1865 1849 1945 quoni-

141 1976 242 2012 am
271 1973 400 2010 non
438 1950 698 2011 abscure
743 1954 958 2012 Stilico
994 1950 1122 2012 filio
1157 1974 1270 2012 suo
1307 1952 1848 2026 Eucheriosch-

118 2045 300 2120 finus
349 2061 501 2100 vero
560 2038 679 2100 sibi
744 2041 1077 2122 imperium
1146 2052 1517 2122 quaereret:
1581 2039 1846 2114 a)·imo

142 2129 245 2188 hic
313 2131 633 2187 Stiliconis
686 2129 1092 2190 ambitionem
1148 2131 1422 2202 νεϊίῐυε,
1487 2150 1616 2187 non
1661 2127 1850 2190 modo

145 2219 483 2275 Alaricum
537 2214 897 2277 Gothorum
945 2240 1158 2301 regem
1202 2220 1265 2276 in
1322 2217 1682 2293 Graeciam,
1743 2216 1852 2279 sed.

153 2306 342 2365 etiam
376 2305 640 2364 Hunnos
683 2306 747 2363 in
783 2305 995 2367 Asiam
1030 2308 1323 2378 immisit,
1372 2328 1500 2387 quo
1538 2304 1700 2366 facto
1738 2309 1852 2366 im·-

148 2395 311 2476 per-ii
362 2390 707 2451 debilitatio
760 2399 1107 2455 necessario
1158 2396 1334 2477 sequi
1387 2392 1687 2455 debebat:
1767 2397 1845 2475 b)

153 2503 349 2563 quam
389 2481 519 2561 ipsa
547 2481 725 2538 ruina
759 2479 1009 2542 demum
1038 2482 1485 2556 comitabatur,
1527 2482 1669 2544 licet
1692 2481 1851 2544 hae-

154 2568 451 2629 reditaria
502 2569 800 2627 continuo
852 2571 1292 2632 observaretur
1347 2573 1666 2632 successio.
1733 2572 1852 2631 Ul·-

153 2659 339 2717 timus
392 2653 888 2719 occidentalium
955 2665 1306 2744 Imperator
1370 2657 1492 2718 fuit
1547 2661 1851 2720 Romula-s

1622 2750 1766 2806 Mo-

225 2916 304 2988 a)
343 2918 543 2970 Zosim.
589 2920 652 2971 L.
703 2918 758 2973 5.
811 2916 863 2971 4.
917 2917 1164 2972 Orosius,
1211 2916 1275 2973 L.
1321 2914 1369 2969 7.
1422 2935 1467 2968 c.
1511 2912 1598 2968 37.
1646 2913 1854 2965 Socrat.

300 2990 366 3043 L.
398 2989 447 3039 6.
508 3009 554 3043 c.
594 2987 638 3041 1.
692 2990 759 3059 b)
799 2988 1000 3040 Zosim.
1052 2989 1119 3043 L.
1157 2989 1206 3042 5.
1256 3008 1308 3045 c.
1353 2986 1402 3040 4.
1443 3004 1596 3059 seqq.
1635 2984 1853 3037 Sozom.

301 3059 363 3110 L.
394 3058 448 3112 8.
482 3080 533 3118 c.
573 3057 624 3117 1.
656 3059 867 3114 Socrat.
907 3060 971 3115 L.
1008 3059 1062 3112 6.
1099 3079 1143 3112 e.
1188 3057 1234 3110 1.
