2097 3726
1627 154 1664 174 Π

552 148 1339 208 Romanorum.
1590 174 1663 219 ιο

16 319 167 388 ibus
209 322 540 396 convenis,
610 320 922 380 imbecillo
955 321 1216 383 consilio
1264 338 1327 386 et
1369 325 1510 387 rudi
1555 350 1753 412 opere

5 405 346 492 ¹{conflata3
413 410 664 471 interim
714 421 917 469 tamen
960 409 1086 494 jam
1140 412 1218 471 ab
1262 414 1478 476 iisdem
1530 419 1752 500 primis

0 486 17 578 ll
44 503 294 571 incolis,
357 499 668 583 seriptura
717 511 780 559 et
830 513 1081 560 moneta
1125 496 1289 562 haud
1338 503 1457 563 fuit
1512 505 1750 584 aliena,

0 594 13 658 l
41 613 250 675 neque
280 610 500 651 eorum
535 587 753 672 politia
797 587 879 646 ita
912 600 1045 648 erat
1072 590 1298 667 cruda,
1333 607 1405 652 ut
1442 591 1519 654 de
1552 617 1749 677 aquae

0 662 13 718 ¹¹
41 678 333 740 ductibus
378 673 695 736 ornandae
750 675 1016 737 civitatis
1059 681 1258 760 gratia
1316 703 1442 740 non
1502 686 1747 766 cogita·-

6 780 202 828 5rent.
250 765 511 848 Regiam
558 762 921 846 dignitatem
963 766 1365 827 instituerunt
1411 770 1748 850 electione,

5 838 9 917 l
41 877 235 938 quam
301 855 508 936 primo
548 855 812 912 Romulo
856 852 1220 914 detulerunt
1247 900 1263 930 ‚
1325 861 1438 939 qui
1477 858 1740 922 fratrem

2 924 310 1020 JRemzcm
368 962 441 1001 eo
492 940 663 1024 quod
709 943 889 1024 regni
937 944 1174 1003 socium
1230 943 1460 1007 habere
1511 949 1744 1024 nollet,

35 1044 239 1091 morte
266 1028 603 1089 mulctavit.
636 1029 771 1089 Sub
807 1032 1007 1112 Regio
1043 1033 1308 1116 imperio
1332 1038 1504 1095 stetit
1537 1038 1740 1099 Roma

0 1112 3 1202 ζ
38 1123 181 1180 244.
218 1140 409 1178 annos
442 1117 521 1178 ab
563 1117 743 1179 Urbe
781 1119 1066 1195 condita,
1126 1142 1324 1206 usque
1362 1124 1439 1183 ad
1479 1124 1745 1210 abroga-

0 1209 268 1268 *tionem
315 1208 549 1289 Regiae
606 1209 937 1290 potestatis.
1006 1211 1251 1294 Regum
1295 1226 1559 1296 potestas
1611 1229 1746 1276 erat

29 1294 271 1380 legibus
315 1298 826 1379 circumscripta3
896 1312 1132 1357 constat
1177 1301 1345 1360 enim
1383 1315 1526 1362 ante
1582 1306 1745 1362 Tar—

29 1388 206 1463 quini
249 1385 513 1462 Superbi
566 1396 851 1468 tempora
905 1388 1146 1469 regiam
1181 1403 1549 1470 potestatem
1586 1392 1741 1454 adeo

27 1474 216 1533 fuisse
253 1473 618 1548 limitatam,
667 1487 738 1531 ut
781 1474 984 1556 Reges
1031 1472 1186 1533 nihil
1234 1477 1585 1538 inconsulto
1621 1503 1737 1563 po·-

28 1561 183 1644 pulo
223 1563 538 1644 suscipere
576 1562 933 1645 potuerint3
981 1563 1044 1622 in
1085 1585 1274 1645 quem
1316 1564 1506 1625 finem
1551 1570 1738 1629 insti-

25 1660 163 1709 tuta
202 1663 383 1709 erant
429 1650 733 1724 Comitia,
802 1649 867 1707 in
904 1649 1136 1733 quibus
1177 1653 1450 1737 populus
1485 1671 1592 1717 aut
1620 1681 1737 1742 per

25 1739 267 1812 tribus,
333 1749 443 1796 aut
491 1759 606 1820 per
649 1738 883 1814 curias,
943 1753 1049 1799 aut
1088 1762 1203 1824 per
1259 1745 1568 1805 centurias
1623 1769 1732 1809 sua

21 1826 314 1908 suffragia
352 1825 522 1886 ferre
564 1825 818 1887 solebat.
885 1829 1216 1890 Praeterea
1260 1834 1527 1890 Senatus
1551 1837 1734 1897 etiam

19 1929 155 1976 erat
197 1916 514 1974 institutus
539 1959 556 1991 ,
618 1916 705 1996 a)
767 1938 845 1976 ex
884 1918 1149 1977 Centum
1181 1920 1530 1982 senioribus
1570 1925 1731 1986 viris

17 2005 150 2064 sive
188 2002 513 2078 Patribus,
560 2000 738 2088 cujus
771 2008 1106 2067 auctoritas
1144 2009 1208 2067 in
1240 2007 1562 2092 republica
1602 2010 1735 2072 ma-

17 2114 137 2174 gna
177 2092 312 2152 fuit.
358 2092 450 2150 'Ut
487 2105 698 2152 tamen
741 2093 820 2152 ab
864 2093 1404 2158 administratione
1450 2104 1629 2184 regni
1670 2114 1734 2163 et

17 2180 464 2263 suffragiorum
522 2177 664 2264 jure
723 2185 947 2244 misera
1005 2183 1182 2269 plebs
1240 2205 1728 2267 removeretur,

17 2269 245 2328 sensim
296 2270 557 2326 Servius
621 2273 864 2330 Tullius
906 2295 1021 2334 rex
1063 2277 1318 2333 comitia
1364 2283 1728 2338 centuriata

14 2353 232 2417 callide
281 2370 669 2418 commentus
723 2371 846 2436 est,
918 2375 981 2421 et
1025 2362 1336 2446 populum
1391 2366 1453 2424 in
1509 2367 1727 2430 classes

16 2444 260 2519 divisit,
325 2465 484 2526 quae
533 2466 661 2505 non
707 2468 785 2506 ex
836 2450 1072 2509 civium
1129 2473 1430 2529 flumem,
1493 2477 1723 2517 verum

14 2555 94 2593 ex
127 2554 345 2595 eorum
366 2534 886 2615 praestationibus
921 2552 984 2597 et
1009 2537 1403 2600 facultatibus
1433 2547 1722 2603 aestima-

15 2621 286 2699 bantur3
352 2642 482 2703 quo
526 2622 804 2682 instituto
844 2647 990 2685 raro
1033 2623 1323 2711 deinceps
1363 2633 1717 2693 miseriores

14 2706 93 2770 ad
143 2711 342 2772 danda
379 2709 686 2792 Suffragia
728 2710 1211 2774 admittebantur
1239 2759 1255 2789 ,
1324 2717 1400 2796 b)
1463 2721 1720 2780 sensim..

1507 2830 1632 2892 que

82 2915 158 2989 a)
205 2919 436 2992 Dionys.
478 2920 754 2975 Halicarn.
805 2920 870 2975 L.
914 2921 961 2975 1.
998 2942 1051 2994 p.
1094 2921 1183 2975 73.
1218 2941 1331 2996 seq.
1369 2925 1513 2983 Plut.
1547 2930 1711 2987 Rom.

155 3006 208 3057 p.
264 2987 348 3042 24.
407 2990 632 3070 Limus..
672 2994 733 3044 L.
777 2992 822 3045 1.
863 3014 905 3044 c.
953 2992 1004 3046 4.
1074 2991 1150 3067 b)
1203 2995 1430 3076 DionyS.
1466 3001 1529 3056 L.
1567 3006 1618 3057 4.
1654 3023 1710 3079 p.

160 3057 284 3115 2⁴21.
323 3078 473 3134 seqq.
513 3063 717 3116 Livius.
760 3066 818 3117 L.
866 3063 910 3117 1.
952 3083 997 3118 c.
1038 3062 1121 3119 17.
1159 3083 1214 3137 p.
1252 3065 1338 3122 02.
