2097 3726
385 167 508 230 290
845 146 1146 207 IIc‘storia
1185 148 1447 224 Imperii

293 323 676 382 Graecorum
715 320 930 384 molles
961 325 1192 398 animi,
1257 324 1362 406 qui
1402 322 1574 407 prius
1611 323 1844 382 Turcas
1877 346 1988 384 ne-

296 410 631 495 gligentes,
678 407 824 471 dein
870 415 1055 473 etiam
1099 409 1417 472 Thratiam
1468 411 1738 493 aliasque
1781 413 1990 493 regio-

296 519 404 558 nes
452 495 570 557 illis
618 500 842 560 misere
885 500 1203 560 vastandas
1243 502 1680 585 permiserunt.
1741 499 1831 578 a)
1880 501 1986 560 1V.

296 586 726 647 Genuensium
756 602 817 648 et
852 588 1233 649 Venetorum
1266 589 1630 662 aemulati0‚
1679 588 1785 670 qui
1820 608 1996 648 com-

294 675 470 733 muni
509 670 670 734 hosti
718 697 817 737 res
851 698 987 737 suas
1027 700 1211 761 agere
1251 678 1685 761 permiserunt.
1734 675 1813 734 V..
1860 679 1994 734 Im—

296 776 661 845 peratorum
710 767 1011 842 orientis,
1076 769 1169 826 uti
1235 768 1581 825 Andronici
1625 778 1687 824 et
1742 765 1988 846 nepotis

297 847 633 911 domestica
676 851 939 913 dissidia.
988 856 1248 913 Joannis
1279 856 1693 913 Cccntcccuseni
1715 854 1998 934 tyranni-

298 937 442 999 dem
483 944 839 1024 usurpantis
889 940 1166 1027 perfidia.
1214 944 1375 1003 Item
1423 945 1680 1001 Joanm's
1730 944 1995 999 Palaeo-

294 1030 422 1105 logi
464 1029 647 1087 otiosi
696 1032 1095 1113 spectat01⁴iS‚
1142 1033 1267 1090 imo
1314 1033 1536 1090 Turcis
1571 1029 1999 1114 stipendiarii,

293 1114 556 1197 ignavia.
659 1116 937 1178 Tandem
982 1121 1299 1177 Mannelis
1344 1132 1406 1178 et
1461 1121 1747 1177 Comnenz‘
1796 1117 1998 1200 impo-

299 1206 493 1264 tentia
530 1203 681 1265 dum
714 1207 1279 1289 Constantinopolis
1322 1205 1730 1266 obsideretur.
1780 1207 1856 1285 b)
1898 1205 1992 1263 Ex

302 1290 396 1352 his
444 1295 636 1376 igitur
680 1293 953 1354 infaustis
1002 1296 1195 1355 initiis
1240 1294 1489 1355 tandem
1532 1296 1645 1354 sub
1698 1297 2000 1352 Constan-

300 1385 430 1438 tino
468 1385 838 1463 Palcceologo
878 1386 1136 1443 Jocznnz's
1176 1382 1372 1444 fratre
1414 1396 1477 1443 et
1513 1404 1863 1444 successore
1901 1404 1998 1440 an⁶

305 1470 489 1528 1455.
543 1470 890 1554 Imperium
946 1473 1255 1533 Graecum
1318 1493 1425 1532 seu
1479 1473 1998 1553 Constantinopo-

296 1555 563 1617 litanum
605 1559 685 1618 ab
729 1562 1129 1618 Constantino
1169 1560 1253 1620 M.
1293 1575 1625 1644 coeptum,
1688 1559 1805 1619 sub
1848 1561 2003 1616 Con-

300 1648 578 1704 stantino
626 1647 781 1706 VII.
817 1647 1006 1707 finem
1044 1651 1318 1730 accepit,
1366 1672 1509 1708 nam
1545 1648 1643 1709 die
1687 1669 1783 1731 29.
1831 1644 2000 1727 Maii.

301 1755 397 1791 an.
457 1736 636 1795 1455.
691 1749 869 1818 capta
913 1735 1075 1796 urbe
1118 1736 1654 1819 Constantinopoli
1693 1760 1725 1794 a
1768 1735 2003 1794 Multa-

305 1824 477 1879 mede
509 1824 599 1881 II.
639 1820 787 1880 dum
814 1826 939 1907 ipse
974 1827 1416 1882 Constantinus
1435 1829 1590 1906 Imp,
1626 1823 1832 1906 fugam
1868 1837 2005 1882 ten-

306 1920 501 1984 taret,
548 1912 627 1969 in
667 1925 847 1993 porta
886 1911 1226 1972 trucidatus
1273 1926 1395 1984 est,
1458 1912 1630 1995 cujus
1670 1926 1857 1995 caput
1893 1909 2004 1970 ha·-

301 2010 430 2057 stae
466 1995 760 2073 infixum,
806 2012 869 2059 et
904 2023 1018 2083 per
1062 2014 1259 2060 castra
1298 2002 1690 2059 Malmmedls
1734 2004 2004 2060 circum—

301 2084 496 2144 latum
527 2084 662 2145 fuit.
711 2084 787 2164 c)
831 2087 891 2146 A
935 2110 1061 2172 quo
1099 2100 1382 2171 tempore
1435 2089 1735 2149 orientale
1774 2090 2005 2147 Roma-

306 2193 460 2235 num
532 2174 917 2258 Imperium,
1023 2179 1361 2238 Turcicum
1437 2175 1657 2262 jugum
1733 2176 2004 2248 subivit,

1744 2262 1916 2347 quod

366 2435 438 2500 a)
494 2434 849 2488 Leunclavius
904 2435 962 2488 in
1008 2437 1307 2490 PandectiS.
1363 2437 1603 2492 Turcor.
1663 2456 1712 2489 c.
1763 2434 1848 2489 24.
1919 2433 1992 2501 b)

441 2505 821 2576 PachymereS.
857 2507 997 2559 Hist.
1031 2509 1093 2560 L.
1129 2507 1178 2560 7.
1206 2508 1508 2580 Nicephor.
1540 2509 1824 2577 Gregoras.
1856 2506 2001 2558 Lao-

439 2575 595 2626 nicus
641 2575 1122 2648 Chalcocondylas
1176 2579 1330 2632 Joan.
1383 2579 1801 2633 Cantacuzenus.
1864 2578 2005 2646 Imp.

440 2645 570 2696 dein
605 2645 903 2697 Monachus
952 2648 1254 2717 ingenuus,
1291 2648 1530 2719 scriptor
1574 2648 1641 2697 de
1677 2647 1791 2699 reb.
1821 2647 2005 2698 >Grae-

437 2732 550 2767 cor.
586 2725 690 2767 ete.
735 2715 803 2787 c)
837 2717 903 2768 de
936 2718 1052 2769 reb.
1091 2719 1349 2775 Graecor.
1385 2736 1453 2769 ex
1483 2716 1732 2788 professo
1767 2725 2006 2768 tractant

439 2784 672 2855 Gregor.
708 2786 974 2840 Phranza.
1011 2790 1183 2844 Laon.
1215 2787 1695 2857 Chalcocondylas.
1731 2786 2004 2838 Leonard.

438 2854 642 2921 Chius,
697 2856 937 2909 Isidorus
986 2857 1290 2910 RuthenuS.
1345 2876 1430 2929 ap.
1472 2857 1753 2910 Bzovium.
1793 2856 1861 2906 ad
1911 2875 1999 2908 an.

442 2922 597 2977 1453.
649 2925 781 2977 item
829 2929 1134 2981 Martinum
1175 2928 1469 2992 Cruzium,
1528 2926 1625 2996 qui.
1667 2927 2002 2979 Graecorum

433 2993 744 3116 ξίίεῑοῖξςιη]
784 2996 1069 3051 Politicam
1120 2997 1283 3050 latine
1336 2996 1599 3055 reddidit.
1643 3014 1710 3049 ex
1758 2997 1867 3052 illis
1905 3014 2006 3050 au-

460 3079 545 3114 em
578 3081 606 3115 a
632 3083 688 3117 u.
