2097 3726
544 267 824 320 Romano
877 265 1249 319 Germanici.
1549 255 1670 337 409

58 442 302 497 Almam
361 441 732 498 Bernharcli
779 438 1037 517 Comitis
1087 434 1588 517 Hohebergensis
1645 431 1763 492 fili-

60 551 157 587 am
201 550 275 587 ex
320 551 442 610 qua
501 544 736 613 septem
789 525 969 586 filiios
1017 539 1080 586 et
1135 539 1227 583 tot
1270 524 1424 584 filias
1468 524 1764 607 suscepit3

60 618 151 676 uti
187 620 620 693 Ιέαᾱοίμῆαιη,
661 621 1172 688 Βανίιηαηηαηῑ,
1208 617 1604 672 Fridericum
1635 634 1767 669 ma-

63 721 200 765 ture
254 720 552 766 mortuos.
662 705 1064 781 Radolplzam
1127 700 1443 785 juniorem
1502 703 1764 760 Sveviae

63 799 323 854 Ducem.
374 797 739 868 Albesium,
792 798 893 851 cui
919 805 1116 870 patet·
1152 794 1390 850 devicto
1432 793 1769 849 Bokemicce

61 907 208 961 rege
258 888 595 958 OttocarO,
633 887 943 941 Auser-iae
982 884 1286 942 Ducatum
1326 878 1498 940 dedit
1522 925 1537 953 ,
1580 892 1769 959 atque

63 971 179 1032 hoc
215 972 403 1032 modo
461 975 768 1033 Austricce
810 975 1080 1032 Ducatus
1139 968 1215 1027 ad
1270 970 1537 1028 Comites
1595 965 1768 1025 Hab-

64 1062 386 1143 sburgicos
424 1061 755 1122 translatus
791 1076 921 1135 est,
962 1060 1128 1120 unde
1169 1055 1364 1116 Archi
1391 1056 1592 1117 Duces
1639 1056 1770 1113 Au-

66 1153 255 1210 striae
294 1149 712 1226 descendunt,
781 1173 849 1209 ac
885 1151 1068 1234 proin
1108 1149 1475 1224 Ruclolplzus
1525 1147 1576 1203 I.
1637 1156 1772 1204 erat

73 1239 382 1321 Augustae
424 1242 658 1300 Domus
698 1242 1057 1300 Austriacae
1103 1235 1489 1297 Celsissimus
1528 1230 1774 1292 Funda-

68 1343 186 1388 tor.
234 1329 495 1388 Sextum
531 1328 727 1390 filium
771 1328 988 1390 habuit
1025 1331 1465 1387 Hermannam
1505 1323 1775 1382 occasio-

72 1439 152 1477 ne
199 1420 567 1500 nuptiarum
608 1415 831 1478 Rheno
881 1416 1294 1478 submersum.
1362 1413 1520 1472 Item
1579 1413 1774 1470 Caro-

77 1511 209 1566 lam
237 1521 482 1567 mature
520 1521 882 1584 mortuum3
927 1504 1090 1567 filiae
1150 1516 1330 1565 erant
1381 1499 1526 1561 hae:
1590 1502 1775 1558 Jatta

82 1600 446 1677 Issmcceslao
485 1595 762 1656 Bohemo
799 1609 1009 1680 nupta.
1095 1595 1480 1653 Clementina
1503 1636 1521 1663 ,
1560 1589 1775 1646 stlech-

73 1689 280 1760 tilclc's,
312 1688 531 1764 slgzzes
558 1730 573 1757 ,
606 1689 928 1763 Hedviges
948 1729 964 1757 ‚
1012 1685 1369 1742 Catlzarina
1425 1692 1489 1738 et
1522 1678 1779 1753 Euphe-

72 1777 216 1832 mia.
266 1810 352 1818 --
416 1776 757 1856 Postquam
811 1773 1077 1832 durante
1131 1775 1503 1849 Interregno
1555 1786 1781 1847 magno

77 1863 415 1922 Germania
473 1864 699 1922 misere
746 1861 1240 1934 conflictaretur‚
1300 1858 1646 1934 Gregorius
1697 1855 1779 1910 Χ.

84 1954 253 2010 Pont.
298 1966 504 2012 motus
554 1951 947 2012 Electoribus
996 1948 1353 2020 mandavit,
1391 1957 1462 2004 ut
1497 1943 1574 2004 de
1605 1963 1782 2001 more

78 2042 534 2121 Imperatorem
577 2055 897 2115 crearent,
960 2060 1158 2122 quare
1224 2035 1545 2118 Principes
1587 2033 1778 2091 Fran-

77 2127 309 2188 cofurti.
375 2130 817 2191 convenientes
887 2130 1069 2208 1273.
1128 2129 1402 2210 primum
1483 2126 1781 2180 Ottocaro

78 2216 410 2280 Bohemiae
451 2220 585 2300 regi
620 2221 967 2302 Imperium
1002 2215 1404 2286 obtulerunt,
1441 2209 1548 2271 sed
1588 2232 1785 2295 quum

82 2308 129 2365 is
168 2306 350 2389 longe
397 2310 818 2390 potentiorem
852 2330 914 2367 se
953 2328 1080 2368 esse
1120 2308 1409 2369 Romano
1440 2302 1787 2385 Imperato-

81 2417 151 2454 re
194 2409 476 2478 putaret‚
531 2397 866 2476 imperium
911 2394 1287 2476 repudiavit.
1352 2394 1560 2464 Quare
1600 2411 1786 2471 agen-

86 2498 146 2543 te
195 2486 503 2567 imprimis
569 2486 877 2542 lVerszero
922 2483 1298 2564 Moguntino
1348 2480 1670 2550 Hectore,
1714 2500 1788 2535 u-

87 2573 324 2631 nanimi
403 2593 705 2633 consensu
793 2573 1196 2647 Radolplzum
1276 2567 1787 2648 Habsburgicum

88 2659 578 2722 laudatissimum
632 2675 695 2720 et
735 2662 1206 2744 Magnanimum
1263 2658 1622 2739 Principem
1669 2655 1791 2714 ele*

88 2764 351 2832 gerunt3
407 2746 581 2830 cujus
649 2752 839 2811 etiam
903 2749 1201 2832 sapientia
1267 2759 1328 2806 et
1391 2747 1620 2805 virtute
1660 2742 1791 2802 fere

89 2840 402 2903 restinctis
457 2837 639 2900 bellis
710 2837 1040 2913 civilibuS‚
1097 2834 1482 2917 sublatisque
1544 2832 1796 2891 Princi—

94 2951 244 3010 pum
286 2927 485 3002 odiis,
530 2951 651 3011 pax
692 2927 933 2987 dudum
976 2925 1317 2985 desiderata
1375 2925 1598 2982 misere
1640 2919 1798 2978 affli-

90 3030 192 3074 cto
252 3019 529 3101 Imperio
565 3018 944 3078 Germanico
1007 3013 1249 3076 reddita
1298 3027 1427 3082 est,
1489 3025 1551 3071 et
1589 3010 1797 3069 Status

91 3104 460 3171 Germaniae
498 3128 577 3170 ex
620 3105 913 3166 diuturna
954 3102 1432 3190 perturbatione
1494 3097 1801 3180 tranquil-

1590 3188 1710 3247 lior
