2097 3726
404 185 521 245 162
858 188 1461 245 Ilistoria

314 359 670 434 sendenteS,
751 382 916 420 nunc
956 362 1018 420 in
1063 364 1368 423 orientem
1411 360 1834 441 traducend03
1882 387 2000 423 un-

314 450 390 509 de
423 449 762 508 necessario
800 451 1051 510 evenire
1093 451 1347 525 debuit,
1383 463 1465 510 'ut
1502 455 1860 533 provinciae
1893 474 1997 511 oc·-

312 536 638 596 cidentales
694 537 1011 619 praesidiis
1046 540 1310 598 militum
1356 538 1659 615 nudatae,
1706 540 1997 622 deinceps

314 623 746 684 hostilitatibus
785 625 1133 686 borealium
1169 630 1461 688 Gentium
1520 629 2005 711 reliquerentur.

312 711 581 772 Multum
616 712 881 797 desuper
911 733 1259 776 nocuerunt
1289 723 1701 801 Imperatores
1736 731 1828 776 tot
1862 715 2003 776 Col-

316 802 597 883 legarum
671 801 1045 885 adoptione,
1129 828 1243 887 per
1302 829 1489 888 quam
1539 808 1884 888 Imperium
1937 807 2000 861 in

237 896 240 900 ’
317 889 613 948 factiones
673 889 938 950 divisum
967 936 982 964 ,
1029 892 1204 953 bellis
1246 896 1548 954 intestinis
1587 907 1648 953 et
1699 894 2006 965 externis,

320 981 467 1038 item
516 993 853 1062 perpetuae
902 979 1192 1040 divisioni
1226 986 1633 1042 occassionem
1684 980 2004 1064 praebuit:

316 1069 402 1126 sic
458 1067 902 1125 Constantinus
947 1071 1036 1126 II.
1078 1071 1407 1145 Constans,
1458 1086 1520 1131 et
1567 1073 2004 1140 ConstantiaS,

321 1158 711 1214 Constantini
749 1158 839 1213 Μ.
880 1155 992 1214 filii
1032 1179 1107 1216 ex
1149 1163 1531 1243 praescripto
1573 1160 1763 1241 patris
1818 1160 2013 1239 impe-

324 1246 490 1303 rium
530 1245 744 1326 partiti
799 1257 971 1320 sunt3
1043 1247 1447 1305 Constantino
1504 1259 1816 1307 cesserunt
1867 1245 2015 1302 Gal-

319 1333 472 1405 liae,
538 1347 599 1391 et
641 1332 953 1415 quidquid
1001 1345 1311 1393 terrarum
1367 1336 1532 1394 ultra
1583 1336 1774 1417 Alpes
1825 1334 2012 1414 jacet:

333 1424 665 1479 Constanti
703 1443 844 1479 cum
890 1421 1144 1501 Illyrico
1200 1437 1262 1482 et
1312 1423 1527 1482 Africa
1584 1425 1765 1483 ctiam
1813 1422 2017 1481 Italia:

336 1511 701 1567 Constantio
734 1510 1022 1582 Graecia,
1062 1509 1359 1585 Thracia,
1393 1513 1543 1572 Asia
1577 1526 1640 1571 et
1674 1512 2012 1593 Aegyptus.

321 1598 402 1676 a)
451 1597 742 1656 Ceterum
792 1601 1232 1658 Constantinus
1290 1604 1381 1661 M.
1442 1624 1519 1661 ex
1579 1621 1653 1660 eo
1700 1614 2016 1681 tempore,

326 1706 454 1766 quo
501 1685 664 1742 solus
703 1708 848 1744 cum
896 1685 1035 1745 filiis
1072 1690 1452 1771 imperebat‚
1500 1691 1738 1772 primus
1779 1688 2019 1746 Princi-

327 1794 476 1855 pum
498 1773 948 1847 Romanorum,
993 1789 1146 1835 teste
1183 1781 1526 1835 Lactantio
1569 1777 1651 1856 b)
1697 1774 2017 1835 Christum

326 1859 528 1944 palam
572 1860 816 1933 colem,
862 1884 1169 1921 summum
1216 1865 1518 1924 Ecclesiae
1548 1866 1826 1945 regimen
1861 1884 2023 1944 quo-

330 1947 404 2006 ad
436 1962 693 2007 externa
736 1952 799 2007 in
833 1972 895 2009 se
932 1954 1244 2025 assumsit,
1292 1951 1572 2033 Synodos
1608 1952 1978 2010 convocavit
2001 1997 2018 2026 ,

328 2035 405 2095 de
459 2038 643 2097 sacris
684 2039 847 2119 leges
890 2041 1166 2122 scripsit,
1226 2039 1302 2100 de
1343 2041 1557 2100 litibus
1593 2039 2017 2112 Clericorum,

330 2138 392 2186 et
449 2125 718 2185 aliorum
772 2127 1020 2184 Civium
1065 2127 1220 2209 juste
1275 2128 1355 2207 c)
1417 2129 1743 2210 cognovit:
1817 2150 1850 2183 a
1894 2148 2021 2209 quo

332 2214 521 2273 etiam
581 2212 780 2273 forma
834 2215 1302 2275 administrandi
1358 2219 1691 2300 imperium
1734 2235 1862 2273 non
1915 2237 2024 2297 pa-

333 2323 476 2360 rum
529 2300 648 2360 fuit
711 2316 978 2376 mutata,
1045 2303 1394 2365 Praefectos
1461 2307 1627 2364 enim
1685 2304 2024 2376 Praetorii,

333 2390 446 2472 qui
478 2390 802 2449 immodica
835 2413 939 2450 sua
964 2395 1332 2452 auctoritate
1356 2393 1582 2454 crebro
1623 2391 1796 2451 abusi
1822 2404 2020 2464 erant,

332 2498 451 2560 pro
508 2478 751 2539 duobus
800 2493 1078 2560 quatuor
1116 2484 1475 2557 constituit,
1534 2503 1758 2563 nempe
1799 2480 2025 2539 Orien-

332 2568 445 2639 tis,
492 2566 759 2647 lllyrici,
806 2566 1060 2645 Italiae,
1122 2584 1185 2630 et
1225 2570 1603 2645 Galliarum,
1651 2589 1807 2652 quos
1850 2568 2024 2627 omni

1873 2677 1938 2712 in

405 2830 479 2893 a)
520 2827 840 2885 EutrobiuS.
889 2830 950 2881 L.
990 2828 1076 2886 10.
1121 2831 1305 2883 Aurel.
1340 2831 1552 2885 Victor.
1589 2830 1738 2882 item.
1782 2825 2028 2882 Orosius,

471 2898 536 2964 L.
582 2898 632 2953 7.
666 2918 711 2953 (τ.
753 2899 839 2955 19.
877 2898 948 2969 b)
986 2901 1230 2955 Lactant.
1267 2901 1432 2952 Mort.
1467 2910 1519 2951 et
1550 2901 1700 2955 Pers,
1737 2917 1780 2948 e.
1821 2896 1904 2948 21.
1940 2894 2026 2949 23.

475 2965 562 3020 36.
611 2969 806 3024 Euseb.
860 2970 1001 3025 Htst.
1042 2971 1186 3023 Eccl.
1235 2972 1296 3024 L.
1339 2969 1424 3024 10.
1477 2989 1529 3028 ο.
1578 2968 1633 3025 5.
1669 2979 1736 3037 c)
1774 2968 2029 3038 Optatus-

472 3037 538 3088 de
571 3038 826 3111 Sohysm.
851 3040 1050 3094 Donat.
1074 3061 1119 3099 c.
1151 3040 1238 3096 22.
1263 3057 1415 3113 seqq.
1440 3041 1667 3111 August.
1705 3042 1880 3110 Epist.
1908 3033 2028 3093 162.
