2097 3726
353 183 473 243 294
797 181 1103 239 Historia
1150 156 1417 257 Iinperii

249 377 371 438 qua
424 354 559 415 vice
606 353 862 416 Graecis
915 355 1072 418 nihil
1131 372 1381 443 praeter
1423 358 1707 440 quinque
1753 355 1944 417 urbes

248 444 370 502 uti:
417 443 823 519 Ravennam,
870 446 1171 521 Romam,
1216 447 1576 530 Spoletum,
1615 444 1946 530 Neapolim

251 542 314 591 et
378 531 809 593 Beneventum
866 536 932 593 in
1014 535 1188 595 Italia
1251 536 1537 597 relictum
1607 533 1772 610 fuit,
1834 534 1945 593 ubi

251 620 538 677 chstitzas
583 619 1004 683 Exarchatum
1069 627 1427 698 instituens,
1475 627 1832 702 Longinam
1870 625 1950 682 ti-

249 705 382 767 tulo
426 705 695 768 Exarchi
740 710 1033 793 praeficit.
1083 713 1165 772 Hi
1203 711 1469 774 Exarchi
1502 712 1792 796 deinceps
1831 713 1950 771 eti-

247 817 387 868 am,
435 819 710 878 quorum
747 799 920 860 sedes
974 801 1265 864 Ravenae
1332 817 1492 878 erat,
1534 803 1612 861 ab
1673 803 1951 883 Impera-

247 898 386 945 tore
433 886 968 972 Constantinopoli
1010 893 1175 950 missi
1235 906 1414 967 sunt,
1487 890 1564 952 ad
1614 887 1952 950 defenden-

250 970 392 1031 dam
432 988 652 1034 contra
701 974 1154 1058 Longobardos
1207 980 1526 1063 veliquam
1588 978 1760 1038 Italie
1807 1000 1953 1060 par-

250 1075 391 1121 tem.
484 1064 770 1135 Quorum
818 1065 1200 1126 Exarchatus
1239 1090 1354 1151 per
1395 1071 1535 1129 185.
1565 1088 1790 1141 annos,
1835 1063 1952 1125 sub

257 1154 354 1209 17.
418 1151 717 1212 Exarchis
794 1157 1118 1237 perstitit,
1180 1153 1379 1216 donec
1428 1179 1462 1215 a
1523 1153 1955 1239 Longohardis

253 1240 504 1322 penitus
560 1239 836 1302 deletum
882 1258 1056 1304 esset.
1149 1245 1446 1305 Ceterum
1500 1247 1787 1303 ²Iustinus
1842 1265 1958 1328 per

252 1326 643 1391 Praefectum
684 1331 881 1392 Urbis
927 1331 1227 1415 justitiam
1265 1347 1518 1394 strenue
1560 1333 1958 1392 administra-

254 1418 381 1491 vit,
423 1439 493 1476 ac
544 1434 685 1503 post
733 1421 877 1481 XII.
928 1423 1179 1506 imperii
1213 1439 1425 1482 annos
1459 1424 1776 1481 Tiberium
1821 1441 1959 1480 suc-

255 1523 562 1567 cessorem
590 1510 919 1569 nominans
945 1555 961 1584 ,
1008 1510 1235 1571 melior
1271 1513 1569 1584 monitor,
1615 1532 1805 1593 quam
1830 1510 1960 1567 Im*

260 1608 551 1674 perator,
592 1594 885 1674 decessit,
930 1595 1049 1658 hoc
1086 1599 1424 1683 Symboloz
1471 1600 1810 1671 Libertas,
1858 1619 1959 1655 res

259 1684 756 1743 inaestimabilis.

460 1774 747 1831 Tiberias
791 1774 881 1832 II.
929 1772 1177 1848 Thrax,
1223 1777 1463 1836 Justini
1522 1798 1749 1858 gener,
1796 1795 1961 1834 anno

262 1859 408 1921 579.
455 1874 518 1920 et
552 1882 676 1944 seq.
716 1883 832 1945 per
871 1863 1304 1931 sastinianum
1335 1878 1398 1925 et
1425 1867 1816 1923 Mauritiam
1846 1861 1962 1921 du·-

259 1967 361 2008 ces
404 1963 625 2009 contra
673 1951 1002 2013 Persarum
1038 1974 1250 2034 regem
1290 1956 1711 2011 Hormisclam
1774 1951 1841 2031 a)
1872 1949 1963 2010 fe-

263 2034 470 2098 liciter
515 2040 855 2121 pugnavit,
915 2039 1063 2100 alias
1118 2062 1264 2124 erga
1311 2063 1537 2123 egenos
1591 2039 1962 2100 liberalissi-

259 2146 397 2186 mus
426 2171 444 2200 ,
492 2125 869 2210 persvadens
912 2129 1066 2204 sihi,
1115 2129 1271 2190 dum
1319 2130 1518 2212 largas
1584 2129 1964 2209 elemosynas

260 2212 480 2290 daret,
527 2236 655 2274 non
710 2215 1065 2280 defuturam
1118 2215 1263 2278 fisco
1320 2220 1687 2301 pecuniam,
1751 2227 1813 2276 et
1865 2239 1967 2277 re-

261 2326 413 2364 vera
464 2326 591 2363 non
647 2303 848 2365 solum
909 2308 1208 2365 Narsetis
1255 2306 1663 2390 amplissimos
1722 2301 1968 2365 thesau-

261 2413 367 2453 ros
424 2415 459 2451 a
507 2412 653 2453 sene
706 2395 1003 2476 quopiam
1065 2393 1400 2470 indicatOS,
1480 2393 1584 2456 sed
1632 2408 1696 2455 et
1743 2394 1808 2453 in
1856 2416 1968 2478 pa·-

267 2481 419 2541 latio
462 2503 572 2542 suo
625 2480 741 2541 sub
782 2481 986 2566 lapide
1035 2504 1221 2544 cruce
1257 2485 1539 2568 signato,
1600 2482 1855 2565 reperit.
1904 2481 1969 2560 b)

264 2571 505 2643 Quarto
580 2572 832 2632 interim
911 2575 1302 2657 principatus
1374 2572 1562 2631 Anno
1617 2569 1860 2655 'pietatis
1908 2583 1971 2630 et

262 2656 530 2743 justitiae
567 2659 728 2720 fama
784 2659 1048 2742 inclytus
1087 2663 1419 2747 princeps,
1475 2683 1554 2722 ex
1603 2661 1800 2719 nimio
1837 2655 1972 2717 fru-

1636 2747 1884 2820 Quarto

270 2916 273 2919 ·
333 2961 402 3024 a)
440 2957 640 3031 Evagr.
672 2963 735 3015 L.
769 2960 818 3013 5.
859 2979 907 3013 c.
942 2958 1027 3013 20.
1075 2957 1162 3012 22.
1196 2970 1253 3012 et
1298 2959 1363 3014 L.
1395 2958 1446 3011 6.
1487 2974 1533 3009 c.
1572 2953 1655 3008 14.
1694 2973 1808 3027 seq.
1865 2955 1972 3007 Ni-

421 3031 578 3101 ceph.
612 3071 627 3086 .
667 3032 728 3084 L.
770 3029 851 3083 18.
904 3051 949 3083 c.
984 3028 1163 3086 2.-5.
1188 3030 1341 3084 Paul.
1379 3029 1526 3081 Diae.
1566 3028 1629 3079 L.
1672 3024 1755 3079 17.
1786 3035 1840 3078 et
1884 3024 1968 3099 18.

423 3097 498 3170 h)
537 3101 775 3173 Niceph.
813 3100 876 3155 L.
917 3098 1003 3154 18.
1043 3120 1090 3155 c.
1128 3098 1170 3152 1.
1194 3110 1248 3154 et
1282 3100 1331 3155 2.
1365 3099 1597 3153 Cedren.
1637 3097 1695 3152 in
1740 3098 1885 3151 Hist.
