2097 3726
361 213 908 276 Monarchiae
970 213 1386 268 Romanae.
1558 211 1636 269 85

34 391 123 450 mi
155 390 364 453 colere
409 392 645 475 potuit:
708 389 842 470 lege
888 399 1098 446 tamen
1139 381 1524 467 prohibitum
1561 400 1724 457 erat,

38 481 262 561 nequis
329 479 483 551 alio,
563 500 754 560 quam
809 476 1014 557 patrio
1081 494 1258 532 more
1321 471 1727 551 sacrificaret3

34 565 172 626 ideo
209 569 527 628 constituti
560 578 740 625 erant
788 565 1065 636 Aedilem,
1129 565 1237 642 qui
1273 561 1601 644 diligenter
1635 564 1729 620 in-

33 657 395 737 quirerent:
456 676 534 714 ne
571 655 688 713 nisi
729 653 995 712 Romani
1045 650 1180 724 Dii,
1241 654 1320 727 a)
1372 673 1448 711 ne
1481 671 1558 709 ve
1594 650 1714 710 alio

28 744 157 802 ritu
189 743 571 803 colerentur:
622 763 784 823 quae
824 761 952 798 non
980 739 1197 819 exigua
1230 741 1724 822 persecutionum

29 850 211 890 causa
244 829 399 905 fuit,
445 828 671 911 quibus
698 829 988 888 Caesares
1013 826 1393 885 Christianos
1431 825 1573 885 dein
1611 850 1720 887 ex-

29 921 358 999 agitarunt.
405 919 541 976 Hoc
565 939 717 977 aevo
749 915 1092 977 Gentilium
1117 915 1553 974 famosissimus
1592 916 1722 974 Do-

30 1020 204 1079 ctor,
252 1017 313 1066 et
345 1007 694 1089 praestigiis
734 1005 992 1085 inclytus
1022 1001 1141 1063 fuit
1175 1006 1542 1080 Apollonius
1599 1007 1724 1079 'L'y—

29 1115 267 1153 anaeus
321 1116 398 1154 ex
439 1094 651 1174 Tyana
689 1091 1112 1177 Cappadociae
1160 1090 1334 1151 Urbe
1372 1106 1580 1166 ortus,
1645 1090 1722 1152 de

29 1203 160 1265 quo
201 1183 358 1241 mira
397 1181 594 1243 refert
628 1181 759 1242 fuse
790 1184 1126 1239 Rammius,
1168 1180 1244 1258 b)

22 1341 24 1343 ‚
206 1270 626 1355 Temporibus
668 1273 999 1330 Octaviani
1035 1270 1315 1347 Augusti
1357 1268 1580 1328 accidit
1616 1269 1720 1327 in-

25 1359 267 1418 stitutio
323 1358 669 1442 Religionis
737 1355 1162 1431 Christianae,
1249 1354 1421 1436 cujus
1479 1357 1724 1416 Auctor

28 1459 120 1507 est
155 1448 337 1506 Jesas
385 1449 675 1507 Christus
714 1449 893 1506 Deus
931 1458 992 1504 et
1031 1449 1258 1519 Home,
1323 1442 1524 1528 Hujus
1561 1445 1725 1505 Ver-—

27 1532 95 1594 hi
138 1535 353 1595 Divini
404 1536 747 1596 incarnatio
784 1537 846 1594 in
879 1548 1062 1595 utero
1095 1537 1170 1592 B.
1201 1536 1456 1592 Mariae
1501 1536 1576 1591 V'.
1604 1531 1723 1592 de-

23 1625 315 1682 nunciata
357 1622 476 1683 fuit
511 1647 622 1707 per
655 1621 1118 1705 Archangelum
1142 1645 1158 1698 3
1218 1622 1524 1681 Nativitas
1567 1643 1724 1680 vero

24 1708 365 1787 Bethlem,
413 1713 484 1791 c)
534 1715 697 1772 inter
738 1710 1064 1793 Angelicas
1114 1709 1618 1783 acclamationes,
1668 1733 1719 1767 a.

24 1798 104 1858 ab
167 1800 322 1861 orbe
383 1800 638 1861 condito
705 1800 889 1860 4000.
943 1798 1143 1859 Urbis
1189 1800 1505 1857 Romanae
1574 1800 1718 1875 748.

24 1885 291 1970 Augusti
323 1891 638 1970 regnantis
681 1890 782 1963 25,
822 1902 964 1953 ante
997 1909 1206 1948 aeram
1248 1886 1432 1968 Vulg,
1476 1886 1585 1946 VI.
1618 1884 1720 1945 die

29 1977 129 2036 25.
190 1978 567 2037 Decembris.
654 1976 736 2055 cl)
805 1976 928 2038 Seu
986 1976 1094 2038 VI.
1152 1974 1414 2035 Kalend.
1470 1974 1721 2032 Januar.

28 2079 349 2125 censetur:
399 2065 601 2145 (uude
635 2065 906 2126 Ecclesia
931 2063 1250 2126 orientalis
1282 2061 1618 2122 hodiedum
1664 2062 1720 2122 6.

24 2152 303 2211 Januarii
337 2151 561 2215 festum
591 2155 931 2214 nativitatis
967 2155 1218 2214 Domini
1252 2151 1585 2229 celebrat.)
1619 2149 1722 2211 Ad

26 2237 203 2321 cujus
225 2241 380 2301 Veri
412 2247 688 2302 ffIessiae
711 2242 1079 2315 adventum,
1116 2265 1263 2302 mox
1300 2243 1508 2300 cuncti
1547 2240 1720 2299 Gen-

24 2329 229 2387 tilium
264 2331 367 2388 Dii
400 2335 758 2392 conticuere
781 2377 796 2406 ‚
858 2333 1164 2414 imprimis
1198 2332 1423 2408 Apollo
1448 2375 1463 2402 ,
1523 2350 1716 2410 quem

26 2415 177 2475 dum
226 2419 560 2495 Augustas
598 2419 675 2479 de
711 2440 1061 2480 successore
1099 2419 1504 2480 consuluisset
1547 2431 1719 2476 tacu-

23 2506 105 2581 it3
195 2518 257 2565 et
315 2505 494 2567 brevi
553 2507 780 2567 silentii
848 2529 1089 2566 causam
1142 2506 1235 2566 his
1304 2506 1719 2566 mani‘estavit

25 2593 269 2654 verbis:
318 2597 386 2676 e)
433 2598 541 2655 Me
561 2618 733 2673 puer
770 2596 1100 2654 Hebraeas
1133 2598 1336 2654 Divos
1376 2598 1556 2654 Deus
1592 2597 1723 2670 ipse

812 2680 846 2741 f
885 2687 918 2743 2
1512 2706 1634 2758 gu·-

98 2852 174 2923 a)
230 2855 431 2909 Livius.
496 2856 556 2912 L.
592 2854 675 2908 25.
731 2875 780 2912 c.
818 2854 864 2907 1.
920 2852 993 2920 b)
1049 2853 1348 2916 Baroriiu5‚
1409 2853 1474 2904 ad
1520 2873 1566 2906 a.
1620 2853 1718 2905 Ch.

166 2923 443 2982 69.-91.
482 2926 544 2997 c)
585 2927 774 2979 Mauh.
815 2946 853 2977 c.
897 2929 939 2977 1.
970 2922 1026 2972 'v.
1068 2924 1144 2976 18.
1182 2924 1262 2976 23.
1305 2922 1373 2994 cl)
1418 2926 1608 2977 Baron.
1641 2927 1709 2973 al

167 3011 211 3114 as.
269 2995 366 3046 Ch.
414 2997 461 3076 1ἶ
518 3004 580 3061 e)
637 2997 842 3050 Platina
890 2999 946 3049 in
991 2997 1251 3064 Augusto,
1295 2997 1342 3048 P.
1385 2996 1613 3062 Μαΐῳ-Τ.
1659 2996 1714 3045 in

213 3083 316 3117 am.
356 3088 398 3119 c,
439 3087 484 3121 a.
