2097 3726
581 192 866 249 Romano
912 189 1290 245 Germanici.
1566 192 1694 276 569

76 370 342 427 Cat-olas
385 366 658 450 Insignia
700 363 916 424 Italiae
967 385 1045 424 ex
1107 366 1306 426 veteri
1338 367 1622 428 instituto
1636 374 1782 447 fir-

64 479 241 515 ream
304 459 610 515 Coronam
656 478 773 539 per
839 451 1371 515 Mediolanensem
1418 454 1616 517 Archi
1663 461 1778 545 Ep,

58 547 333 629 accepit,
380 547 772 629 posterisque
817 544 973 614 suiS‚
1029 556 1096 601 ut
1148 556 1520 627 perpetuum
1583 564 1781 628 esset,

65 636 344 694 instituit.
394 634 607 693 Italiae
647 647 880 693 statum
914 632 1034 691 rite
1067 631 1406 708 ordinavit,
1454 634 1678 698 limites
1719 655 1786 700 et

62 722 293 806 oppida
352 723 703 784 Comitibus
785 719 1193 804 gubernanda
1274 721 1456 804 plena
1519 725 1778 809 jurisd1-

59 814 267 871 ctione
314 811 670 886 mandavit‚
733 810 1041 870 limitibus
1083 813 1488 870 Marchiones
1534 815 1779 897 praefe-

54 902 166 960 cit:
196 913 387 983 utque
411 901 728 961 Comitum
776 898 1162 982 vigilantiam
1200 915 1491 975 acueret,
1540 902 1777 985 legatos

52 988 361 1070 quosdam
410 989 650 1073 majore
701 1001 1002 1073 potestate
1039 989 1349 1060 instituit,
1398 1013 1559 1072 quos
1594 996 1769 1051 slsis-—

48 1100 148 1135 sos
199 1081 490 1154 vocavit,
558 1095 628 1138 ut
675 1079 810 1138 lites
871 1081 1033 1138 inter
1086 1079 1407 1162 Principes
1468 1095 1530 1141 et
1575 1081 1775 1166 Magi-

44 1181 280 1226 stratus
322 1170 386 1226 in
431 1167 722 1230 ordinem
767 1166 1144 1250 redigerent,
1192 1182 1308 1235 ete,

229 1259 608 1319 Saxonicum,
666 1259 894 1315 bellam
946 1280 998 1314 a.
1063 1278 1213 1336 772.
1262 1260 1532 1343 suscepit
1580 1258 1768 1343 longe

45 1347 538 1423 atrocissimum,
582 1345 755 1430 quod
789 1349 889 1406 55.
933 1347 1109 1405 annis
1138 1345 1425 1421 duravit,
1475 1369 1603 1408 non
1641 1361 1773 1410 tam

44 1431 340 1495 dilatandi
395 1439 576 1519 regni
631 1434 1008 1518 cupiditate,
1078 1456 1267 1517 quam
1325 1437 1768 1520 propagandae

43 1521 370 1604 religionis
414 1523 799 1585 Christianae
841 1521 1082 1595 studio,
1131 1525 1243 1604 qui
1291 1539 1529 1584 armata
1574 1549 1765 1588 manu

40 1610 375 1673 Saxoniam
431 1616 780 1697 ingreSSUS,
846 1613 952 1671 diu
1002 1612 1180 1670 varia
1219 1634 1519 1694 agrorum
1579 1613 1770 1676 deva-

39 1703 304 1761 statione
350 1725 494 1761 cum
543 1701 700 1762 duce
753 1703 1117 1760 ch'tekc'mlo
1169 1699 1560 1778 decertavit,
1623 1710 1768 1788 qui-

40 1790 154 1849 bus
209 1813 391 1875 saepe
437 1793 650 1868 victis,
714 1813 969 1850 omnem
1028 1789 1389 1851 libertatem
1450 1796 1765 1869 restituit,

38 1877 337 1962 nullaque
394 1881 634 1941 tributa
679 1883 755 1940 iis
800 1880 1139 1963 imposuit,
1202 1892 1648 1965 praeterquam
1695 1899 1766 1944 ut

43 1966 310 2029 decimas
366 1970 689 2053 Episcopis
745 1993 780 2028 a
838 1991 902 2029 se
955 1970 1312 2028 constitutis
1366 1968 1628 2042 darent,
1695 1989 1766 2035 ut

38 2060 122 2115 ita
163 2057 486 2141 religionis
539 2072 871 2143 praetextu
911 2059 1140 2118 sensim
1190 2055 1408 2141 jugum
1460 2059 1630 2122 ferre
1668 2062 1766 2124 di-

35 2162 315 2207 scerent:
365 2147 472 2208 sed
516 2147 580 2209 hi
622 2149 866 2230 saepius
912 2171 946 2205 a
1001 2146 1124 2207 fide
1172 2146 1313 2206 data
1365 2147 1767 2226 deficienteS,

37 2234 290 2296 tandem
339 2236 583 2297 duobus
640 2235 899 2320 proeliis
956 2235 1325 2297 decretoriis
1369 2236 1448 2296 ad
1504 2243 1769 2300 Hazam

34 2323 302 2383 fluvium
354 2348 578 2409 nempe
634 2338 696 2385 et
737 2323 812 2382 ad
869 2326 1158 2403 Asneggi
1207 2340 1491 2387 montem
1538 2328 1768 2406 fracti,

36 2411 638 2497 mansvetudineque
668 2416 884 2472 Caroli
924 2415 1230 2494 permoti,
1279 2416 1341 2473 in
1382 2433 1767 2500 perpetuum

32 2521 96 2559 se
143 2499 559 2575 dediderunt,
629 2517 691 2562 et
750 2523 997 2561 sacrum
1049 2501 1357 2584 baptisma
1415 2508 1768 2590 suscipien-

34 2602 161 2662 tes,
208 2592 269 2648 in
309 2587 429 2650 fide
468 2592 609 2651 data
658 2592 959 2649 continuo
998 2593 1451 2672 perstiterunt3
1499 2596 1581 2675 a)
1631 2619 1757 2678 qua

35 2680 308 2738 victoria
345 2703 610 2763 regnum
638 2682 700 2738 in
738 2680 1047 2739 Ducatum
1069 2694 1379 2738 mutatum
1415 2697 1542 2756 est,
1585 2684 1759 2766 quod

38 2769 316 2829 triennio
354 2786 493 2851 post
531 2773 718 2832 etiam
757 2765 1082 2849 Bojoariae
1115 2770 1342 2828 evenit.
1394 2772 1762 2831 Raclboclzmz

867 2879 955 2914 aa
1467 2859 1675 2920 Friso-

111 3035 185 3087 a)
243 3032 542 3096 Crantzius.
604 3029 664 3080 L.
711 3028 759 3079 2.
819 3029 1024 3084 Saxon.
1082 3050 1127 3080 c.
1191 3029 1237 3082 4.
1272 3031 1458 3084 —-·‘.)3.
1518 3033 1760 3086 Aimoin.

192 3100 254 3153 L.
303 3103 344 3155 l.
388 3124 436 3159 c.
470 3100 644 3155 69.--
670 3099 764 3157 77.·
795 3100 1006 3171 Regino
1039 3100 1329 3155 Prumens.
1370 3103 1437 3155 ad
1480 3124 1534 3161 a.
1572 3102 1686 3156 772.
