<?xml version="1.0" encoding="UTF-8"?>
<!DOCTYPE html PUBLIC "-//W3C//DTD XHTML 1.0 Transitional//EN"
    "http://www.w3.org/TR/xhtml1/DTD/xhtml1-transitional.dtd">
<html xmlns="http://www.w3.org/1999/xhtml" xml:lang="en" lang="en">
 <head>
  <title>
</title>
<meta http-equiv="Content-Type" content="text/html;charset=utf-8" />
  <meta name='ocr-system' content='tesseract 3.04.00' />
  <meta name='ocr-capabilities' content='ocr_page ocr_carea ocr_par ocr_line ocrx_word'/>
</head>
<body>
  <div class='ocr_page' id='page_1' title='image "./historiauniversa02nagy_0060.png"; bbox 0 0 2097 3726; ppageno 0'>
   <div class='ocr_carea' id='block_1_1' title="bbox 316 202 1391 266">
    <p class='ocr_par' dir='ltr' id='par_1_1' title="bbox 316 202 1391 266">
     <span class='ocr_line' id='line_1_1' title="bbox 316 202 1391 266; baseline 0.006 -6"><span class='ocrx_word' id='word_1_1' title='bbox 316 202 397 260; x_wconf 83' lang='lat'>40</span> <span class='ocrx_word' id='word_1_2' title='bbox 780 202 1391 266; x_wconf 72' lang='lat' dir='ltr'>Hister—ia</span> 
     </span>
    </p>
   </div>
   <div class='ocr_carea' id='block_1_2' title="bbox 192 377 1933 2662">
    <p class='ocr_par' dir='ltr' id='par_1_2' title="bbox 192 377 1933 2662">
     <span class='ocr_line' id='line_1_2' title="bbox 214 377 1929 465; baseline 0.008 -30"><span class='ocrx_word' id='word_1_3' title='bbox 214 378 405 454; x_wconf 51' lang='lat' dir='ltr'>¹etiam</span> <span class='ocrx_word' id='word_1_4' title='bbox 443 377 701 434; x_wconf 73' lang='lat' dir='ltr'>Corsica</span> <span class='ocrx_word' id='word_1_5' title='bbox 726 381 977 440; x_wconf 86' lang='lat' dir='ltr'>accessit</span> <span class='ocrx_word' id='word_1_6' title='bbox 1017 395 1078 442; x_wconf 89' lang='lat' dir='ltr'>et</span> <span class='ocrx_word' id='word_1_7' title='bbox 1116 385 1459 459; x_wconf 76' lang='lat' dir='ltr'>Illyricum.</span> <span class='ocrx_word' id='word_1_8' title='bbox 1491 386 1575 465; x_wconf 79' lang='lat' dir='ltr'>a)</span> <span class='ocrx_word' id='word_1_9' title='bbox 1612 387 1756 446; x_wconf 86' lang='lat' dir='ltr'>Post</span> <span class='ocrx_word' id='word_1_10' title='bbox 1782 384 1929 449; x_wconf 82' lang='lat' dir='ltr'>haec</span> 
     </span>
     <span class='ocr_line' id='line_1_3' title="bbox 221 467 1931 551; baseline 0.008 -28"><span class='ocrx_word' id='word_1_11' title='bbox 221 468 495 523; x_wconf 79' lang='lat' dir='ltr'>Attilius</span> <span class='ocrx_word' id='word_1_12' title='bbox 520 468 806 545; x_wconf 78' lang='lat' dir='ltr'><em>Regulus</em></span> <span class='ocrx_word' id='word_1_13' title='bbox 835 467 1067 530; x_wconf 85' lang='lat' dir='ltr'>bellum</span> <span class='ocrx_word' id='word_1_14' title='bbox 1109 476 1170 531; x_wconf 87' lang='lat' dir='ltr'>in</span> <span class='ocrx_word' id='word_1_15' title='bbox 1199 473 1478 532; x_wconf 85' lang='lat' dir='ltr'>Africam</span> <span class='ocrx_word' id='word_1_16' title='bbox 1513 474 1890 536; x_wconf 83' lang='lat' dir='ltr'>transferens</span> <span class='ocrx_word' id='word_1_17' title='bbox 1915 524 1931 551; x_wconf 86' lang='lat'>,</span> 
     </span>
     <span class='ocr_line' id='line_1_4' title="bbox 220 552 1932 647; baseline 0.007 -36"><span class='ocrx_word' id='word_1_18' title='bbox 220 576 369 613; x_wconf 82' lang='grc' dir='ltr'>111οΧ</span> <span class='ocrx_word' id='word_1_19' title='bbox 409 552 647 612; x_wconf 82' lang='lat' dir='ltr'>Tuneto</span> <span class='ocrx_word' id='word_1_20' title='bbox 667 553 954 640; x_wconf 88' lang='lat' dir='ltr'>alliisque</span> <span class='ocrx_word' id='word_1_21' title='bbox 972 562 1328 623; x_wconf 90' lang='lat' dir='ltr'>Poenorum</span> <span class='ocrx_word' id='word_1_22' title='bbox 1346 562 1706 642; x_wconf 72' lang='lat' dir='ltr'>civitatibus</span> <span class='ocrx_word' id='word_1_23' title='bbox 1736 568 1932 647; x_wconf 88' lang='lat' dir='ltr'>captis</span> 
     </span>
     <span class='ocr_line' id='line_1_5' title="bbox 228 643 1933 729; baseline 0.008 -29"><span class='ocrx_word' id='word_1_24' title='bbox 228 643 685 721; x_wconf 76' lang='lat' dir='ltr'><em>Carthaginem</em></span> <span class='ocrx_word' id='word_1_25' title='bbox 707 645 984 724; x_wconf 87' lang='lat' dir='ltr'>obsedit,</span> <span class='ocrx_word' id='word_1_26' title='bbox 1027 650 1133 710; x_wconf 89' lang='lat' dir='ltr'>sed</span> <span class='ocrx_word' id='word_1_27' title='bbox 1174 651 1262 709; x_wconf 82' lang='lat' dir='ltr'>ibi</span> <span class='ocrx_word' id='word_1_28' title='bbox 1294 675 1327 709; x_wconf 93' lang='lat' dir='ltr'>a</span> <span class='ocrx_word' id='word_1_29' title='bbox 1363 655 1693 729; x_wconf 76' lang='lat' dir='ltr'>Xantippo</span> <span class='ocrx_word' id='word_1_30' title='bbox 1737 653 1933 713; x_wconf 89' lang='lat' dir='ltr'>Lace-</span> 
     </span>
     <span class='ocr_line' id='line_1_6' title="bbox 215 730 1927 819; baseline 0.007 -31"><span class='ocrx_word' id='word_1_31' title='bbox 215 730 692 793; x_wconf 81' lang='lat' dir='ltr'>daemoniorum</span> <span class='ocrx_word' id='word_1_32' title='bbox 734 734 892 795; x_wconf 90' lang='lat' dir='ltr'>duce</span> <span class='ocrx_word' id='word_1_33' title='bbox 939 741 1049 819; x_wconf 91' lang='lat' dir='ltr'>qui</span> <span class='ocrx_word' id='word_1_34' title='bbox 1090 742 1312 799; x_wconf 83' lang='lat' dir='ltr'>Poenis</span> <span class='ocrx_word' id='word_1_35' title='bbox 1347 740 1583 799; x_wconf 81' lang='lat' dir='ltr'>auxilio</span> <span class='ocrx_word' id='word_1_36' title='bbox 1632 757 1927 813; x_wconf 83' lang='lat' dir='ltr'>venerat,</span> 
     </span>
     <span class='ocr_line' id='line_1_7' title="bbox 211 821 1926 912; baseline 0.005 -33"><span class='ocrx_word' id='word_1_37' title='bbox 211 821 414 879; x_wconf 85' lang='lat' dir='ltr'>victus</span> <span class='ocrx_word' id='word_1_38' title='bbox 443 823 507 879; x_wconf 90' lang='lat' dir='ltr'>in</span> <span class='ocrx_word' id='word_1_39' title='bbox 542 836 912 904; x_wconf 88' lang='lat' dir='ltr'>potestatem</span> <span class='ocrx_word' id='word_1_40' title='bbox 935 822 1206 886; x_wconf 90' lang='lat' dir='ltr'>hostium</span> <span class='ocrx_word' id='word_1_41' title='bbox 1230 832 1438 904; x_wconf 82' lang='lat' dir='ltr'>venit3</span> <span class='ocrx_word' id='word_1_42' title='bbox 1471 827 1644 912; x_wconf 86' lang='lat' dir='ltr'>cujus</span> <span class='ocrx_word' id='word_1_43' title='bbox 1675 833 1926 912; x_wconf 81' lang='lat' dir='ltr'>egregia</span> 
     </span>
     <span class='ocr_line' id='line_1_8' title="bbox 214 909 1927 1001; baseline 0.006 -34"><span class='ocrx_word' id='word_1_44' title='bbox 214 911 420 968; x_wconf 83' lang='lat' dir='ltr'>virtus</span> <span class='ocrx_word' id='word_1_45' title='bbox 450 909 636 993; x_wconf 82' lang='lat' dir='ltr'>longe</span> <span class='ocrx_word' id='word_1_46' title='bbox 672 913 938 996; x_wconf 89' lang='lat' dir='ltr'>amplius</span> <span class='ocrx_word' id='word_1_47' title='bbox 974 918 1039 973; x_wconf 93' lang='lat' dir='ltr'>in</span> <span class='ocrx_word' id='word_1_48' title='bbox 1062 913 1173 975; x_wconf 91' lang='lat' dir='ltr'>hac</span> <span class='ocrx_word' id='word_1_49' title='bbox 1199 915 1585 993; x_wconf 78' lang='lat' dir='ltr'>calamitate,</span> <span class='ocrx_word' id='word_1_50' title='bbox 1626 941 1816 1001; x_wconf 86' lang='lat' dir='ltr'>quam</span> <span class='ocrx_word' id='word_1_51' title='bbox 1862 922 1927 977; x_wconf 92' lang='lat' dir='ltr'>in</span> 
     </span>
     <span class='ocr_line' id='line_1_9' title="bbox 214 999 1925 1088; baseline 0.006 -33"><span class='ocrx_word' id='word_1_52' title='bbox 214 999 483 1058; x_wconf 85' lang='lat' dir='ltr'>victoria</span> <span class='ocrx_word' id='word_1_53' title='bbox 528 1002 800 1061; x_wconf 83' lang='lat' dir='ltr'>enituit:</span> <span class='ocrx_word' id='word_1_54' title='bbox 849 1026 990 1062; x_wconf 89' lang='lat' dir='ltr'>nam</span> <span class='ocrx_word' id='word_1_55' title='bbox 1029 1020 1362 1088; x_wconf 84' lang='lat' dir='ltr'>postquam</span> <span class='ocrx_word' id='word_1_56' title='bbox 1405 1029 1572 1067; x_wconf 90' lang='lat' dir='ltr'>anno</span> <span class='ocrx_word' id='word_1_57' title='bbox 1628 1006 1780 1067; x_wconf 84' lang='lat' dir='ltr'>belli</span> <span class='ocrx_word' id='word_1_58' title='bbox 1828 1010 1925 1068; x_wconf 80' lang='lat'>14.</span> 
     </span>
     <span class='ocr_line' id='line_1_10' title="bbox 217 1087 1920 1166; baseline 0.005 -21"><span class='ocrx_word' id='word_1_59' title='bbox 217 1087 485 1146; x_wconf 79' lang='lat' dir='ltr'>Cecilius</span> <span class='ocrx_word' id='word_1_60' title='bbox 538 1089 808 1166; x_wconf 90' lang='lat' dir='ltr'>Consul,</span> <span class='ocrx_word' id='word_1_61' title='bbox 868 1095 1041 1152; x_wconf 86' lang='lat' dir='ltr'>victo</span> <span class='ocrx_word' id='word_1_62' title='bbox 1086 1093 1353 1155; x_wconf 81' lang='lat' dir='ltr'>feliciter</span> <span class='ocrx_word' id='word_1_63' title='bbox 1398 1094 1474 1153; x_wconf 86' lang='lat' dir='ltr'>ad</span> <span class='ocrx_word' id='word_1_64' title='bbox 1536 1098 1920 1154; x_wconf 74' lang='lat' dir='ltr'>Panormum</span> 
     </span>
     <span class='ocr_line' id='line_1_11' title="bbox 209 1176 1928 1268; baseline 0.006 -36"><span class='ocrx_word' id='word_1_65' title='bbox 209 1176 575 1237; x_wconf 77' lang='lat' dir='ltr'>Asdrubale</span> <span class='ocrx_word' id='word_1_66' title='bbox 617 1199 754 1238; x_wconf 82' lang='lat' dir='ltr'>rem</span> <span class='ocrx_word' id='word_1_67' title='bbox 789 1182 1197 1260; x_wconf 78' lang='lat' dir='ltr'>restituisset3</span> <span class='ocrx_word' id='word_1_68' title='bbox 1264 1183 1430 1244; x_wconf 90' lang='lat' dir='ltr'>idem</span> <span class='ocrx_word' id='word_1_69' title='bbox 1478 1187 1763 1268; x_wconf 85' lang='lat' dir='ltr'>captivus</span> <span class='ocrx_word' id='word_1_70' title='bbox 1807 1188 1928 1243; x_wconf 86' lang='lat' dir='ltr'>At-</span> 
     </span>
     <span class='ocr_line' id='line_1_12' title="bbox 209 1263 1928 1351; baseline 0.006 -29"><span class='ocrx_word' id='word_1_71' title='bbox 209 1267 388 1324; x_wconf 80' lang='lat' dir='ltr'>tilius</span> <span class='ocrx_word' id='word_1_72' title='bbox 431 1289 466 1324; x_wconf 91' lang='lat' dir='ltr'>a</span> <span class='ocrx_word' id='word_1_73' title='bbox 504 1263 1095 1351; x_wconf 80' lang='lat' dir='ltr'>Carthaginensibus</span> <span class='ocrx_word' id='word_1_74' title='bbox 1143 1272 1410 1332; x_wconf 85' lang='lat' dir='ltr'>Romam</span> <span class='ocrx_word' id='word_1_75' title='bbox 1454 1275 1673 1332; x_wconf 89' lang='lat' dir='ltr'>missus</span> <span class='ocrx_word' id='word_1_76' title='bbox 1716 1286 1808 1333; x_wconf 89' lang='lat' dir='ltr'>est</span> <span class='ocrx_word' id='word_1_77' title='bbox 1856 1287 1928 1332; x_wconf 88' lang='lat' dir='ltr'>ut</span> 
     </span>
     <span class='ocr_line' id='line_1_13' title="bbox 208 1351 1923 1444; baseline 0.005 -32"><span class='ocrx_word' id='word_1_78' title='bbox 208 1351 289 1416; x_wconf 88' lang='lat' dir='ltr'>de</span> <span class='ocrx_word' id='word_1_79' title='bbox 330 1354 715 1416; x_wconf 80' lang='lat' dir='ltr'>redimendis</span> <span class='ocrx_word' id='word_1_80' title='bbox 777 1361 1045 1443; x_wconf 88' lang='lat' dir='ltr'>captivis</span> <span class='ocrx_word' id='word_1_81' title='bbox 1089 1374 1152 1421; x_wconf 92' lang='lat' dir='ltr'>et</span> <span class='ocrx_word' id='word_1_82' title='bbox 1203 1382 1353 1444; x_wconf 83' lang='lat' dir='ltr'>pace</span> <span class='ocrx_word' id='word_1_83' title='bbox 1409 1375 1740 1421; x_wconf 85' lang='lat' dir='ltr'>tractaret:</span> <span class='ocrx_word' id='word_1_84' title='bbox 1811 1364 1923 1442; x_wconf 90' lang='lat' dir='ltr'>qui</span> 
     </span>
     <span class='ocr_line' id='line_1_14' title="bbox 207 1444 1926 1528; baseline 0.005 -26"><span class='ocrx_word' id='word_1_85' title='bbox 207 1465 345 1503; x_wconf 87' lang='lat' dir='ltr'>rem</span> <span class='ocrx_word' id='word_1_86' title='bbox 383 1444 503 1505; x_wconf 88' lang='lat' dir='ltr'>sibi</span> <span class='ocrx_word' id='word_1_87' title='bbox 549 1444 809 1528; x_wconf 88' lang='lat' dir='ltr'>quidem</span> <span class='ocrx_word' id='word_1_88' title='bbox 849 1461 914 1508; x_wconf 91' lang='lat' dir='ltr'>et</span> <span class='ocrx_word' id='word_1_89' title='bbox 941 1451 1065 1508; x_wconf 86' lang='lat' dir='ltr'>suis</span> <span class='ocrx_word' id='word_1_90' title='bbox 1099 1448 1435 1512; x_wconf 87' lang='lat' dir='ltr'>salutarem</span> <span class='ocrx_word' id='word_1_91' title='bbox 1459 1495 1476 1525; x_wconf 90' lang='lat'>,</span> <span class='ocrx_word' id='word_1_92' title='bbox 1546 1465 1638 1511; x_wconf 90' lang='lat' dir='ltr'>ast</span> <span class='ocrx_word' id='word_1_93' title='bbox 1678 1452 1926 1511; x_wconf 86' lang='lat' dir='ltr'>Patriae</span> 
     </span>
     <span class='ocr_line' id='line_1_15' title="bbox 209 1532 1922 1622; baseline 0.005 -34"><span class='ocrx_word' id='word_1_94' title='bbox 209 1532 500 1594; x_wconf 80' lang='lat' dir='ltr'>inutilem</span> <span class='ocrx_word' id='word_1_95' title='bbox 553 1534 917 1597; x_wconf 90' lang='lat' dir='ltr'>omnimodo</span> <span class='ocrx_word' id='word_1_96' title='bbox 953 1536 1245 1614; x_wconf 88' lang='lat' dir='ltr'>disvasit,</span> <span class='ocrx_word' id='word_1_97' title='bbox 1310 1541 1437 1599; x_wconf 88' lang='lat' dir='ltr'>imo</span> <span class='ocrx_word' id='word_1_98' title='bbox 1478 1540 1610 1622; x_wconf 90' lang='lat' dir='ltr'>ipse</span> <span class='ocrx_word' id='word_1_99' title='bbox 1646 1561 1728 1599; x_wconf 90' lang='lat' dir='ltr'>ne</span> <span class='ocrx_word' id='word_1_100' title='bbox 1762 1536 1922 1598; x_wconf 88' lang='lat' dir='ltr'>hosti</span> 
     </span>
     <span class='ocr_line' id='line_1_16' title="bbox 207 1619 1926 1709; baseline 0.005 -32"><span class='ocrx_word' id='word_1_101' title='bbox 207 1619 416 1682; x_wconf 87' lang='lat' dir='ltr'>datam</span> <span class='ocrx_word' id='word_1_102' title='bbox 452 1619 638 1683; x_wconf 89' lang='lat' dir='ltr'>fidem</span> <span class='ocrx_word' id='word_1_103' title='bbox 681 1623 966 1700; x_wconf 83' lang='lat' dir='ltr'>falleret,</span> <span class='ocrx_word' id='word_1_104' title='bbox 1030 1648 1178 1685; x_wconf 79' lang='lat' dir='ltr'>mox</span> <span class='ocrx_word' id='word_1_105' title='bbox 1225 1626 1664 1709; x_wconf 81' lang='lat' dir='ltr'>Carthaginem</span> <span class='ocrx_word' id='word_1_106' title='bbox 1709 1649 1926 1687; x_wconf 84' lang='lat' dir='ltr'>rever-</span> 
     </span>
     <span class='ocr_line' id='line_1_17' title="bbox 206 1713 1922 1785; baseline 0.004 -18"><span class='ocrx_word' id='word_1_107' title='bbox 206 1729 337 1785; x_wconf 82' lang='lat' dir='ltr'>SUS,</span> <span class='ocrx_word' id='word_1_108' title='bbox 376 1713 549 1771; x_wconf 91' lang='lat' dir='ltr'>omni</span> <span class='ocrx_word' id='word_1_109' title='bbox 584 1715 865 1772; x_wconf 84' lang='lat' dir='ltr'>cruciatu</span> <span class='ocrx_word' id='word_1_110' title='bbox 897 1729 1176 1774; x_wconf 90' lang='lat' dir='ltr'>necatur.</span> <span class='ocrx_word' id='word_1_111' title='bbox 1229 1715 1495 1776; x_wconf 89' lang='lat' dir='ltr'>Interim</span> <span class='ocrx_word' id='word_1_112' title='bbox 1534 1716 1771 1776; x_wconf 88' lang='lat' dir='ltr'>bellum</span> <span class='ocrx_word' id='word_1_113' title='bbox 1807 1714 1922 1775; x_wconf 89' lang='grc'>1100</span> 
     </span>
     <span class='ocr_line' id='line_1_18' title="bbox 207 1800 1923 1885; baseline 0.003 -29"><span class='ocrx_word' id='word_1_114' title='bbox 207 1800 493 1861; x_wconf 85' lang='lat' dir='ltr'>variante</span> <span class='ocrx_word' id='word_1_115' title='bbox 543 1800 794 1860; x_wconf 85' lang='lat' dir='ltr'>fortuna</span> <span class='ocrx_word' id='word_1_116' title='bbox 832 1802 1220 1885; x_wconf 87' lang='lat' dir='ltr'>aliquamdiu</span> <span class='ocrx_word' id='word_1_117' title='bbox 1265 1803 1525 1864; x_wconf 89' lang='lat' dir='ltr'>ductum</span> <span class='ocrx_word' id='word_1_118' title='bbox 1566 1818 1740 1879; x_wconf 87' lang='lat' dir='ltr'>erat,</span> <span class='ocrx_word' id='word_1_119' title='bbox 1808 1803 1923 1862; x_wconf 86' lang='lat' dir='ltr'>do—</span> 
     </span>
     <span class='ocr_line' id='line_1_19' title="bbox 204 1888 1920 1975; baseline 0.005 -31"><span class='ocrx_word' id='word_1_120' title='bbox 204 1907 321 1948; x_wconf 90' lang='lat' dir='ltr'>nec</span> <span class='ocrx_word' id='word_1_121' title='bbox 358 1911 523 1949; x_wconf 90' lang='lat' dir='ltr'>anno</span> <span class='ocrx_word' id='word_1_122' title='bbox 567 1888 715 1949; x_wconf 84' lang='lat' dir='ltr'>belli</span> <span class='ocrx_word' id='word_1_123' title='bbox 764 1892 861 1951; x_wconf 78' lang='lat'>25.</span> <span class='ocrx_word' id='word_1_124' title='bbox 891 1894 1201 1951; x_wconf 75' lang='lat' dir='ltr'>Lutatius</span> <span class='ocrx_word' id='word_1_125' title='bbox 1234 1893 1465 1952; x_wconf 86' lang='lat' dir='ltr'>Consul</span> <span class='ocrx_word' id='word_1_126' title='bbox 1505 1894 1708 1951; x_wconf 86' lang='lat' dir='ltr'>navali</span> <span class='ocrx_word' id='word_1_127' title='bbox 1735 1915 1920 1975; x_wconf 90' lang='lat' dir='ltr'>prae-</span> 
     </span>
     <span class='ocr_line' id='line_1_20' title="bbox 202 1974 1924 2065; baseline 0.003 -33"><span class='ocrx_word' id='word_1_128' title='bbox 202 1974 290 2036; x_wconf 89' lang='lat' dir='ltr'>lio</span> <span class='ocrx_word' id='word_1_129' title='bbox 330 1975 914 2059; x_wconf 82' lang='lat' dir='ltr'>Carthaginensium</span> <span class='ocrx_word' id='word_1_130' title='bbox 961 2002 1110 2065; x_wconf 86' lang='lat' dir='ltr'>opes</span> <span class='ocrx_word' id='word_1_131' title='bbox 1162 1980 1446 2063; x_wconf 80' lang='lat' dir='ltr'>fregisset</span> <span class='ocrx_word' id='word_1_132' title='bbox 1493 1981 1568 2039; x_wconf 89' lang='lat' dir='ltr'>ad</span> <span class='ocrx_word' id='word_1_133' title='bbox 1615 1985 1924 2059; x_wconf 74' lang='lat' dir='ltr'>Aegatem</span> 
     </span>
     <span class='ocr_line' id='line_1_21' title="bbox 206 2066 1920 2154; baseline 0.004 -32"><span class='ocrx_word' id='word_1_134' title='bbox 206 2066 508 2142; x_wconf 90' lang='lat' dir='ltr'>insulam,</span> <span class='ocrx_word' id='word_1_135' title='bbox 581 2067 812 2149; x_wconf 85' lang='lat' dir='ltr'>quibus</span> <span class='ocrx_word' id='word_1_136' title='bbox 862 2071 1047 2129; x_wconf 87' lang='lat' dir='ltr'>etiam</span> <span class='ocrx_word' id='word_1_137' title='bbox 1102 2089 1321 2152; x_wconf 85' lang='lat' dir='ltr'>pacem</span> <span class='ocrx_word' id='word_1_138' title='bbox 1375 2071 1777 2154; x_wconf 86' lang='lat' dir='ltr'>petentibus,</span> <span class='ocrx_word' id='word_1_139' title='bbox 1824 2067 1920 2128; x_wconf 88' lang='lat' dir='ltr'>his</span> 
     </span>
     <span class='ocr_line' id='line_1_22' title="bbox 205 2153 1922 2232; baseline 0.002 -20"><span class='ocrx_word' id='word_1_140' title='bbox 205 2153 676 2216; x_wconf 86' lang='lat' dir='ltr'>conditionibus</span> <span class='ocrx_word' id='word_1_141' title='bbox 728 2157 938 2218; x_wconf 89' lang='lat' dir='ltr'>dedit:</span> <span class='ocrx_word' id='word_1_142' title='bbox 1002 2173 1073 2217; x_wconf 88' lang='lat' dir='ltr'>ut</span> <span class='ocrx_word' id='word_1_143' title='bbox 1115 2158 1360 2232; x_wconf 82' lang='lat' dir='ltr'>Sicilia,</span> <span class='ocrx_word' id='word_1_144' title='bbox 1429 2158 1716 2217; x_wconf 86' lang='lat' dir='ltr'>Sardinia</span> <span class='ocrx_word' id='word_1_145' title='bbox 1758 2156 1922 2216; x_wconf 84' lang='lat' dir='ltr'>aliis-</span> 
     </span>
     <span class='ocr_line' id='line_1_23' title="bbox 200 2245 1922 2332; baseline 0.002 -32"><span class='ocrx_word' id='word_1_146' title='bbox 200 2265 327 2325; x_wconf 87' lang='lat' dir='ltr'>que</span> <span class='ocrx_word' id='word_1_147' title='bbox 370 2245 585 2304; x_wconf 88' lang='lat' dir='ltr'>insulis</span> <span class='ocrx_word' id='word_1_148' title='bbox 630 2246 1040 2322; x_wconf 83' lang='lat' dir='ltr'>excederent,</span> <span class='ocrx_word' id='word_1_149' title='bbox 1088 2250 1369 2331; x_wconf 87' lang='lat' dir='ltr'>captivos</span> <span class='ocrx_word' id='word_1_150' title='bbox 1403 2249 1536 2307; x_wconf 91' lang='lat' dir='ltr'>sine</span> <span class='ocrx_word' id='word_1_151' title='bbox 1569 2250 1776 2332; x_wconf 83' lang='lat' dir='ltr'>pretio</span> <span class='ocrx_word' id='word_1_152' title='bbox 1827 2246 1922 2304; x_wconf 82' lang='lat' dir='ltr'>di-</span> 
     </span>
     <span class='ocr_line' id='line_1_24' title="bbox 199 2335 1924 2409; baseline 0.002 -19"><span class='ocrx_word' id='word_1_153' title='bbox 199 2336 573 2409; x_wconf 84' lang='lat' dir='ltr'>mitterent,</span> <span class='ocrx_word' id='word_1_154' title='bbox 621 2349 685 2395; x_wconf 90' lang='lat' dir='ltr'>et</span> <span class='ocrx_word' id='word_1_155' title='bbox 727 2335 1039 2395; x_wconf 87' lang='lat' dir='ltr'>tributum</span> <span class='ocrx_word' id='word_1_156' title='bbox 1065 2336 1161 2395; x_wconf 83' lang='lat' dir='ltr'>bis</span> <span class='ocrx_word' id='word_1_157' title='bbox 1202 2336 1375 2396; x_wconf 90' lang='lat' dir='ltr'>mille</span> <span class='ocrx_word' id='word_1_158' title='bbox 1413 2336 1678 2396; x_wconf 88' lang='lat' dir='ltr'>ducenta</span> <span class='ocrx_word' id='word_1_159' title='bbox 1725 2335 1924 2394; x_wconf 88' lang='lat' dir='ltr'>talen-</span> 
     </span>
     <span class='ocr_line' id='line_1_25' title="bbox 192 2423 1911 2506; baseline 0.001 -25"><span class='ocrx_word' id='word_1_160' title='bbox 192 2432 253 2477; x_wconf 78' lang='lat' dir='ltr'>ta</span> <span class='ocrx_word' id='word_1_161' title='bbox 297 2445 412 2504; x_wconf 87' lang='lat' dir='ltr'>per</span> <span class='ocrx_word' id='word_1_162' title='bbox 466 2443 570 2481; x_wconf 85' lang='lat'>20.</span> <span class='ocrx_word' id='word_1_163' title='bbox 626 2445 857 2498; x_wconf 84' lang='lat' dir='ltr'>annOS,</span> <span class='ocrx_word' id='word_1_164' title='bbox 922 2437 987 2484; x_wconf 92' lang='lat' dir='ltr'>et</span> <span class='ocrx_word' id='word_1_165' title='bbox 1041 2423 1297 2506; x_wconf 83' lang='lat' dir='ltr'>quidem</span> <span class='ocrx_word' id='word_1_166' title='bbox 1340 2424 1511 2484; x_wconf 89' lang='lat' dir='ltr'>mille</span> <span class='ocrx_word' id='word_1_167' title='bbox 1552 2427 1683 2485; x_wconf 89' lang='lat' dir='ltr'>sine</span> <span class='ocrx_word' id='word_1_168' title='bbox 1732 2447 1911 2484; x_wconf 88' lang='lat' dir='ltr'>mora</span> 
     </span>
     <span class='ocr_line' id='line_1_26' title="bbox 195 2510 1911 2595; baseline 0.001 -28"><span class='ocrx_word' id='word_1_169' title='bbox 195 2510 432 2591; x_wconf 84' lang='lat' dir='ltr'>populo</span> <span class='ocrx_word' id='word_1_170' title='bbox 484 2512 773 2571; x_wconf 84' lang='lat' dir='ltr'>Romano</span> <span class='ocrx_word' id='word_1_171' title='bbox 831 2511 1196 2595; x_wconf 85' lang='lat' dir='ltr'>penderent.</span> <span class='ocrx_word' id='word_1_172' title='bbox 1266 2514 1356 2594; x_wconf 81' lang='lat' dir='ltr'>b)</span> <span class='ocrx_word' id='word_1_173' title='bbox 1427 2515 1521 2572; x_wconf 86' lang='lat' dir='ltr'>Ita</span> <span class='ocrx_word' id='word_1_174' title='bbox 1572 2513 1809 2573; x_wconf 83' lang='lat' dir='ltr'>bellum</span> <span class='ocrx_word' id='word_1_175' title='bbox 1865 2514 1911 2570; x_wconf 94' lang='grc' dir='ltr'>Ι.</span> 
     </span>
     <span class='ocr_line' id='line_1_27' title="bbox 192 2598 1908 2662; baseline 0.002 -8"><span class='ocrx_word' id='word_1_176' title='bbox 192 2598 504 2659; x_wconf 88' lang='lat' dir='ltr'>Punicum</span> <span class='ocrx_word' id='word_1_177' title='bbox 579 2603 676 2661; x_wconf 81' lang='lat'>25.</span> <span class='ocrx_word' id='word_1_178' title='bbox 725 2599 914 2661; x_wconf 89' lang='lat' dir='ltr'>Anno</span> <span class='ocrx_word' id='word_1_179' title='bbox 963 2601 1318 2662; x_wconf 88' lang='lat' dir='ltr'>confectum</span> <span class='ocrx_word' id='word_1_180' title='bbox 1369 2618 1458 2662; x_wconf 89' lang='lat' dir='ltr'>est</span> <span class='ocrx_word' id='word_1_181' title='bbox 1503 2626 1553 2660; x_wconf 83' lang='lat' dir='ltr'>a.</span> <span class='ocrx_word' id='word_1_182' title='bbox 1617 2604 1694 2661; x_wconf 83' lang='lat' dir='ltr'>U.</span> <span class='ocrx_word' id='word_1_183' title='bbox 1764 2602 1908 2660; x_wconf 80' lang='lat'>515.</span> 
     </span>
    </p>
   </div>
   <div class='ocr_carea' id='block_1_3' title="bbox 192 2690 1906 2839">
    <p class='ocr_par' dir='ltr' id='par_1_3' title="bbox 192 2690 1906 2839">
     <span class='ocr_line' id='line_1_28' title="bbox 192 2690 1906 2775; baseline 0.002 -32"><span class='ocrx_word' id='word_1_184' title='bbox 192 2707 319 2768; x_wconf 85' lang='lat' dir='ltr'>qua</span> <span class='ocrx_word' id='word_1_185' title='bbox 370 2690 723 2750; x_wconf 87' lang='lat' dir='ltr'>occassione</span> <span class='ocrx_word' id='word_1_186' title='bbox 782 2692 969 2749; x_wconf 87' lang='lat' dir='ltr'>etiam</span> <span class='ocrx_word' id='word_1_187' title='bbox 1046 2692 1188 2748; x_wconf 91' lang='lat' dir='ltr'>Jani</span> <span class='ocrx_word' id='word_1_188' title='bbox 1258 2691 1563 2775; x_wconf 88' lang='lat' dir='ltr'>templum</span> <span class='ocrx_word' id='word_1_189' title='bbox 1628 2691 1906 2750; x_wconf 85' lang='lat' dir='ltr'>clausum</span> 
     </span>
     <span class='ocr_line' id='line_1_29' title="bbox 1639 2793 1813 2839; baseline -0.017 0"><span class='ocrx_word' id='word_1_190' title='bbox 1639 2793 1813 2839; x_wconf 81' lang='lat' dir='ltr'>erat:</span> 
     </span>
    </p>
   </div>
   <div class='ocr_carea' id='block_1_4' title="bbox 196 2867 513 2882">
    <p class='ocr_par' dir='ltr' id='par_1_4' title="bbox 196 2867 513 2882">
     <span class='ocr_line' id='line_1_30' title="bbox 196 2867 513 2882; baseline 0 844"><span class='ocrx_word' id='word_1_191' title='bbox 196 2867 513 2882; x_wconf 95' lang='lat' dir='ltr'> </span> 
     </span>
    </p>
   </div>
   <div class='ocr_carea' id='block_1_5' title="bbox 264 2943 1898 3023">
    <p class='ocr_par' dir='ltr' id='par_1_5' title="bbox 264 2943 1898 3023">
     <span class='ocr_line' id='line_1_31' title="bbox 264 2943 1898 3023; baseline -0.001 -23"><span class='ocrx_word' id='word_1_192' title='bbox 264 2951 337 3014; x_wconf 79' lang='lat' dir='ltr'>a)</span> <span class='ocrx_word' id='word_1_193' title='bbox 380 2949 573 3022; x_wconf 87' lang='lat' dir='ltr'>Polyb.</span> <span class='ocrx_word' id='word_1_194' title='bbox 621 2952 682 3004; x_wconf 88' lang='lat' dir='ltr'>L.</span> <span class='ocrx_word' id='word_1_195' title='bbox 717 2951 766 3004; x_wconf 94' lang='grc'><strong>2.</strong></span> <span class='ocrx_word' id='word_1_196' title='bbox 808 2971 852 3004; x_wconf 89' lang='grc'>0.</span> <span class='ocrx_word' id='word_1_197' title='bbox 889 2949 939 3003; x_wconf 83' lang='grc'><strong>8.</strong></span> <span class='ocrx_word' id='word_1_198' title='bbox 980 2970 1132 3023; x_wconf 79' lang='lat' dir='ltr'>seqq.</span> <span class='ocrx_word' id='word_1_199' title='bbox 1174 2953 1300 3022; x_wconf 82' lang='lat' dir='ltr'>quia</span> <span class='ocrx_word' id='word_1_200' title='bbox 1344 2943 1534 3003; x_wconf 75' lang='lat' dir='ltr'>Teuta</span> <span class='ocrx_word' id='word_1_201' title='bbox 1573 2950 1758 3019; x_wconf 84' lang='lat' dir='ltr'>regina</span> <span class='ocrx_word' id='word_1_202' title='bbox 1794 2949 1898 3000; x_wconf 86' lang='lat' dir='ltr'>Le-</span> 
     </span>
    </p>
   </div>
   <div class='ocr_carea' id='block_1_6' title="bbox 333 3019 1894 3086">
    <p class='ocr_par' dir='ltr' id='par_1_6' title="bbox 333 3019 1894 3086">
     <span class='ocr_line' id='line_1_32' title="bbox 333 3019 1894 3086; baseline -0.001 -16"><span class='ocrx_word' id='word_1_203' title='bbox 333 3030 484 3086; x_wconf 76' lang='lat' dir='ltr'>gatos</span> <span class='ocrx_word' id='word_1_204' title='bbox 517 3022 834 3072; x_wconf 77' lang='lat' dir='ltr'>Romanorn</span> <span class='ocrx_word' id='word_1_205' title='bbox 874 3022 1121 3074; x_wconf 80' lang='lat' dir='ltr'>laeserat.</span> <span class='ocrx_word' id='word_1_206' title='bbox 1162 3023 1295 3073; x_wconf 83' lang='lat' dir='ltr'>Item</span> <span class='ocrx_word' id='word_1_207' title='bbox 1337 3022 1544 3072; x_wconf 80' lang='lat' dir='ltr'>Florus.</span> <span class='ocrx_word' id='word_1_208' title='bbox 1569 3021 1631 3072; x_wconf 93' lang='lat' dir='ltr'>L.</span> <span class='ocrx_word' id='word_1_209' title='bbox 1671 3019 1719 3072; x_wconf 91' lang='grc'><strong>2.</strong></span> <span class='ocrx_word' id='word_1_210' title='bbox 1754 3038 1798 3071; x_wconf 90' lang='grc'>0.</span> <span class='ocrx_word' id='word_1_211' title='bbox 1845 3019 1894 3070; x_wconf 82' lang='grc'><strong>5.</strong></span> 
     </span>
    </p>
   </div>
   <div class='ocr_carea' id='block_1_7' title="bbox 335 3088 1650 3162">
    <p class='ocr_par' dir='ltr' id='par_1_7' title="bbox 335 3088 1650 3162">
     <span class='ocr_line' id='line_1_33' title="bbox 335 3088 1650 3162; baseline 0.001 -22"><span class='ocrx_word' id='word_1_212' title='bbox 335 3088 406 3159; x_wconf 82' lang='lat' dir='ltr'>b)</span> <span class='ocrx_word' id='word_1_213' title='bbox 446 3093 639 3162; x_wconf 69' lang='lat' dir='ltr'>Polyb.</span> <span class='ocrx_word' id='word_1_214' title='bbox 678 3093 739 3144; x_wconf 90' lang='lat' dir='ltr'>L.</span> <span class='ocrx_word' id='word_1_215' title='bbox 771 3091 822 3144; x_wconf 88' lang='grc'><strong>2.</strong></span> <span class='ocrx_word' id='word_1_216' title='bbox 863 3112 906 3144; x_wconf 84' lang='grc'>0.</span> <span class='ocrx_word' id='word_1_217' title='bbox 946 3091 1031 3144; x_wconf 81' lang='grc'><strong>28.</strong></span> <span class='ocrx_word' id='word_1_218' title='bbox 1070 3093 1281 3145; x_wconf 77' lang='lat' dir='ltr'>Florus·</span> <span class='ocrx_word' id='word_1_219' title='bbox 1321 3092 1381 3143; x_wconf 89' lang='lat' dir='ltr'>L.</span> <span class='ocrx_word' id='word_1_220' title='bbox 1418 3089 1469 3143; x_wconf 84' lang='grc'><strong>2.</strong></span> <span class='ocrx_word' id='word_1_221' title='bbox 1511 3110 1560 3146; x_wconf 89' lang='grc'>0.</span> <span class='ocrx_word' id='word_1_222' title='bbox 1600 3089 1650 3142; x_wconf 75' lang='lat'>4.</span> 
     </span>
    </p>
   </div>
  </div>
 </body>
</html>
