2097 3726
362 127 440 186 56
451 128 483 183 4
823 124 1121 182 IIistoria
1166 126 1424 203 Imperii

267 304 599 363 electiones
658 300 987 384 suffragia,
1038 305 1380 385 Imperium
1436 301 1647 362 divina
1705 301 1965 386 dispen-

267 404 439 451 sante
515 390 911 472 providentia
949 392 1273 466 habuerit,
1308 394 1605 476 quoniam
1641 389 1779 474 jure
1819 392 1963 452 hae-

268 478 570 539 reditario
628 477 854 539 dehinc
914 479 991 539 ad
1040 495 1319 565 posteros
1379 483 1691 542 transiret.
1786 482 1971 541 Cete-

266 592 411 628 rum
443 568 523 626 ab
552 566 644 627 his
677 568 1066 629 Electoribus
1111 571 1437 630 Germanis
1459 616 1474 644 7
1516 584 1657 653 post
1696 585 1967 630 mortem

278 661 527 715 Ottonis
593 658 702 716 III.
774 660 1012 742 primus
1074 661 1136 718 in
1204 661 1658 743 Imperatorem
1735 658 1969 719 electus

272 760 364 806 est
407 750 730 804 Henriczcs
778 750 869 804 II.
919 748 1213 822 Sanctus,
1259 771 1390 831 quo
1451 771 1544 806 an.
1603 749 1788 807 1024.
1855 746 1970 807 de-

266 836 517 910 functo,
562 836 910 919 Imperium
959 837 1324 897 translatum
1380 851 1471 898 est
1518 836 1600 895 ob
1651 835 1964 897 defectum

266 926 478 1008 stirpis
548 924 892 985 Saxonicae
929 970 945 999 ,
997 927 1062 983 in
1122 927 1392 986 Domum
1443 929 1900 984 Franconicczm
1947 970 1968 1000 ,

272 1036 498 1097 nempe
561 1011 834 1096 legitima
879 1013 1229 1075 electione
1217 1039 1278 1073 111
1322 1017 1667 1074 Comadum
1712 1017 1800 1072 II.
1848 1017 1970 1072 Sa-

270 1107 459 1163 licum
494 1102 577 1160 F1
563 1105 876 1162 anconiae
913 1102 1133 1163 ducem
1180 1100 1438 1185 ejusque
1479 1117 1688 1188 poster
1695 1125 1775 1163 os.
1840 1101 1968 1162 Sed

267 1192 372 1252 illa
425 1193 610 1252 etiam
658 1194 1002 1270 exstincta,
1058 1194 1191 1274 pari
1247 1189 1386 1274 jure
1427 1195 1771 1274 imperium
1820 1214 1968 1275 per-

267 1284 445 1342 venit
512 1279 590 1339 ad
668 1296 959 1362 quartam
1042 1280 1404 1361 Dynastiam
1487 1285 1823 1339 Suevorzmz
1900 1291 1963 1338 et

268 1373 821 1430 Brzmsvicensiam
879 1373 942 1429 in
1012 1371 1294 1427 Conrado
1341 1370 1449 1429 III.
1522 1393 1649 1453 qua
1714 1370 1966 1430 demum

269 1484 363 1519 an.
419 1461 603 1519 1250.
662 1460 729 1517 in
775 1463 1100 1520 Friderz'co
1148 1461 1237 1516 II.
1286 1461 1623 1533 exstincta,
1667 1453 1970 1541 sequebass

269 1564 374 1608 tur
430 1553 870 1626 Izzterregnzcm
931 1553 1278 1627 Magnam,
1326 1547 1497 1631 quod
1551 1550 1776 1631 viginti
1839 1562 1967 1607 tres

274 1659 468 1698 annos
526 1636 813 1712 duravit,
868 1638 950 1697 ob
1002 1640 1323 1697 continuas
1371 1637 1742 1697 Germaniae
1788 1639 1972 1696 Prin-

274 1727 482 1809 cipum
546 1725 792 1797 turbas,
846 1727 955 1807 qui
1022 1748 1129 1785 sex
1195 1724 1497 1785 candidati
1554 1725 1631 1786 de
1691 1727 1968 1808 Imperio

271 1816 461 1874 variis
521 1812 894 1873 factionibus
949 1813 1387 1887 decertabant,
1453 1814 1530 1895 de
1589 1815 1823 1897 quibus
1869 1836 1970 1873 se-

273 1904 493 1984 quenti
553 1904 753 1984 capite
814 1924 1078 1984 agemus
1184 1903 1365 1963 Nunc
1420 1904 1609 1985 igitur
1661 1902 1971 1965 videndae

272 2004 457 2051 erunt
507 1993 831 2052 restaurati
875 1991 1134 2074 Imperii
1177 1990 1575 2050 occidentalis
1614 1994 1967 2053 constituti-

274 2102 454 2155 oneS‚
514 2080 746 2162 quibus
806 2082 1058 2138 Corolas
1110 2082 1203 2138 M.
1252 2081 1595 2164 Imperium
1647 2079 1964 2143 firmatum

275 2168 731 2230 successoribus
776 2170 898 2228 suis
933 2168 1206 2251 reliquit.

455 2259 655 2340 Igitur
699 2260 960 2316 Carolus
993 2261 1083 2316 M.
1118 2258 1358 2340 primus
1390 2279 1423 2317 e
1464 2258 1665 2320 Gente
1705 2257 1969 2317 Germa-

273 2368 355 2405 na
397 2348 749 2431 Imperator
791 2348 1223 2406 Romanorum
1271 2349 1677 2423 constitutus,
1725 2360 1968 2407 tantum

273 2436 462 2496 Genti
508 2457 653 2496 suae
697 2433 881 2496 decus
918 2435 1161 2511 attulit,
1208 2449 1283 2495 ut
1323 2451 1613 2520 respectu
1648 2437 1967 2519 potentiae

274 2538 338 2583 et
379 2525 816 2585 aestimationis
856 2523 934 2583 ad
977 2522 1165 2586 finem
1208 2545 1406 2607 usque
1453 2525 1642 2585 seculi
1697 2524 1963 2583 duratu-

272 2636 410 2674 ram
484 2613 665 2674 nobis
733 2635 861 2673 non
927 2613 1035 2673 abs
1099 2612 1526 2673 fundamento*
1576 2612 1962 2699 pollicemur.

269 2701 428 2762 Nam
486 2703 613 2786 ipse
666 2699 963 2763 fundator
1011 2703 1266 2786 Imperii
1315 2716 1521 2762 tantae
1573 2699 1967 2763 authoritatis

272 2804 449 2866 erat,
507 2805 581 2850 ut
634 2793 865 2852 cunctis
912 2790 1200 2874 gentibus
1247 2801 1310 2850 et
1344 2790 1624 2872 Regibus
1667 2790 1962 2851 formida-

269 2879 412 2939 bilis
451 2879 817 2956 videretur,
894 2880 1060 2940 unde
1108 2878 1531 2939 conciliandae
1586 2882 1821 2961 gratiae
1858 2901 1962 2939 er·-

271 2988 383 3049 gO‚
446 2970 809 3052 Legationes
843 2971 1394 3032 remotissimarum
1435 2969 1621 3029 etiam
1656 2969 1958 3031 Gentium

1796 3054 1872 3115 ad

2063 0 2071 166 „...-—..
