2097 3726
432 176 509 254 47
523 175 558 233 4
880 173 1178 233 fflstoria
1223 173 1487 250 Imperii

342 354 491 412 Dux
556 339 863 410 Austriae.
953 350 1252 412 Filiarum
1297 371 1424 410 una
1470 348 1688 429 Agnes
1741 353 2037 413 Andreae

340 441 500 524 Regi
535 439 893 522 Hungariae
919 484 935 513 ,
973 442 1298 499 Elisabeth
1335 442 1660 498 Friclerico
1702 440 2066 502 Lotharin--r

340 550 457 609 g0‚
496 530 690 586 Anna
737 526 1087 589 Marchioni
1126 528 1671 611 Brandeburgico‚
1737 533 2039 590 Catlmrzss

339 639 424 675 na
472 617 630 699 Regi
670 615 932 700 Apuliae
985 620 1228 677 Guttlza
1281 620 1489 677 Ulrieo
1549 619 1776 678 Comiti
1830 621 2038 680 Ottin-

339 707 512 789 gensi
551 706 793 766 elocata.
855 707 1156 766 Albertas
1190 706 1289 766 hic
1324 708 1582 791 propria
1616 730 1801 766 manu
1833 711 2037 769 occiso

339 797 630 871 Adolplzo
667 817 814 854 mox
852 818 886 852 a
919 795 1319 879 Principibus
1369 801 1724 879 Imperator
1772 796 1997 857 electus
2020 842 2037 871 ‚

338 899 401 944 et
442 883 820 967 Aquisgrani
874 901 1204 943 coronatus
1260 898 1351 944 est
1399 885 1464 943 in
1509 898 1682 943 tanto
1714 882 2039 947 hominum

338 994 680 1043 conmmm,
721 987 791 1031 ut
826 973 1128 1033 Saxoniae
1159 974 1304 1032 Dux
1338 986 1401 1033 et
1443 973 1622 1033 multi
1661 973 1763 1033 alii
1806 997 1838 1031 a
1874 974 2040 1033 mul-

337 1060 605 1122 titudine
653 1060 976 1120 hominum
1027 1063 1308 1146 oppressi
1363 1077 1577 1122 essent.
1625 1064 1807 1123 More
1837 1062 2039 1147 Majo-

337 1173 480 1210 rum
517 1173 664 1209 mox
717 1151 1208 1210 nominatissima
1267 1149 1614 1211 celebravit
1664 1152 2038 1212 Norimber-

339 1262 450 1321 gae
490 1242 769 1313 comitia,
807 1238 880 1296 ad
914 1262 1073 1322 quae
1117 1240 1404 1324 plerique
1445 1239 1815 1300 Germaniae
1849 1243 2036 1325 prin-

335 1333 500 1412 cipes
561 1343 1056 1403 concurrerunt,
1117 1332 1267 1389 item
1333 1329 1533 1410 Reges
1594 1330 2036 1406 Cimbrorum,

335 1417 705 1492 Boherniae‚
753 1419 1051 1500 Apuliae,
1109 1419 1400 1501 Episcopi
1451 1419 1551 1478 50.
1621 1418 1936 1480 Praesides
1975 1431 2037 1479 et

332 1506 638 1568 Praefecti
684 1509 827 1567 500.
872 1509 1126 1590 Equites
1162 1509 1349 1568 5000.
1422 1505 1608 1588 Cujus
1654 1508 2035 1568 Electionem

333 1596 479 1657 licet
527 1599 705 1656 initio
761 1599 1139 1671 Bom'facias
1201 1597 1369 1656 VIII.
1442 1596 1616 1655 Pont.
1681 1596 2035 1678 adprobare

333 1686 564 1759 nollet,
623 1685 857 1745 tardius
904 1700 1111 1746 tamen
1167 1707 1314 1745 cum
1356 1683 1538 1744 laude
1582 1683 1649 1763 a)
1703 1683 2036 1744 confirma-

333 1778 443 1833 vit.
492 1775 613 1832 Hic
660 1777 936 1857 egregias
980 1797 1117 1833 suas
1166 1776 1427 1835 virtutes
1467 1771 1729 1833 nefanda
1773 1775 2033 1833 avaritia

335 1863 711 1923 obscuravit.
761 1863 960 1921 Multa
1007 1863 1166 1923 bella
1215 1863 1382 1923 domi
1421 1877 1482 1923 et
1524 1861 1676 1921 foris
1714 1861 1873 1921 lueri
1921 1884 2034 1927 cii-25

333 1951 595 2034 piditate
638 1953 853 2034 gessit,
917 1949 1249 2012 duodecies
1311 1953 1476 2013 enim
1518 1953 1647 2010 acie
1685 1950 2032 2012 conflixisse

332 2039 585 2116 dicitur,
622 2041 726 2100 sed
772 2063 898 2098 non
928 2039 1171 2123 aequali
1214 2038 1482 2100 fortuna.
1519 2041 1750 2098 Contra
1796 2043 2032 2099 Baclol-

317 2132 525 2206 pluam
575 2129 965 2205 Palatinum,
1044 2131 1334 2212 quicum
1389 2128 1592 2188 tribus
1667 2126 1861 2188 Archi
1917 2129 2028 2212 Ep.

329 2219 741 2301 Mogontino⁷
799 2218 1152 2278 Coloniensi
1200 2233 1262 2278 et
1304 2219 1662 2278 Trevirensi
1710 2220 2030 2301 conspira-

331 2322 544 2383 verat,
579 2306 842 2368 feliciter
875 2306 1111 2366 bellans
1146 2307 1209 2364 in
1254 2305 1540 2366 ordinem
1581 2304 1841 2388 redegit.
1887 2306 2031 2366 Bel-

328 2395 459 2454 lum
495 2400 680 2478 gessit
717 2418 860 2454 cum
907 2399 1132 2454 Ottotze
1180 2396 1474 2455 Bavariae
1507 2394 1663 2454 duce
1689 2440 1705 2468 ‚
1740 2398 1840 2455 cui
1875 2397 2029 2454 Con-

329 2489 525 2544 radus
570 2485 1048 2567 Salisburgensis
1107 2485 1217 2568 Ep.
1260 2484 1494 2544 aditum
1542 2507 1762 2567 parare
1824 2483 2030 2544 voluit

329 2573 406 2634 ad
447 2596 709 2656 regnum
755 2574 1109 2657 ilungariae
1135 2619 1151 2648 ‚
1218 2596 1346 2657 quo
1390 2576 1452 2633 in
1491 2572 1666 2634 Bello
1708 2595 1835 2633 non
1881 2595 2027 2632 mo—

331 2662 411 2722 do
445 2666 663 2735 armis,
726 2661 830 2721 sed
868 2685 1033 2722 novo
1077 2675 1138 2722 et
1172 2660 1449 2722 inaudito
1496 2663 1781 2747 exemplo
1839 2664 2027 2722 etiam

329 2754 582 2812 venenis
624 2765 967 2835 pugnatum
1020 2765 1192 2828 erat3
1240 2749 1490 2812 tandem
1530 2766 1670 2839 post
1708 2764 2024 2835 acceptam

1838 2862 1934 2900 an.

395 3032 466 3106 a)
505 3031 821 3104 Cuspinian.
859 3032 1132 3084 Poucerus
1164 3031 1226 3084 L.
1261 3032 1312 3084 5.
1353 3028 1451 3084 fol.
1488 3026 1603 3081 106.
1648 3047 1759 3101 seq.
1794 3031 2018 3084 Mutius·

467 3124 531 3174 L.
571 3121 652 3177 22.
681 3122 964 3174 Kranzius.
986 3124 1184 3174 Saxon.
1210 3121 1271 3174 L.
1296 3118 1351 3177 8.
1384 3138 1429 3172 c.
1461 3117 1545 3172 36.
1582 3120 1832 3174 Aventin.
1851 3119 1909 3172 L.
1934 3119 1979 3173 7.
