2097 3726
416 181 448 238 5
461 181 490 237 4
501 181 532 235 8
872 171 1170 227 Historia
1208 166 1469 244 Imperii

317 354 413 414 cui
472 345 660 408 multa
716 343 1001 429 adjuncta
1057 353 1202 401 sunt
1253 338 1593 423 diplomata
1654 338 2002 400 Historiam
2096 379 2097 383 κ

316 436 740 499 Germanicam
804 432 1203 491 illustrantia:
1289 431 1437 491 item
1503 427 1758 486 Albertz·
1816 430 2000 485 Mas-

315 530 454 585 saci.
517 524 851 584 ,Rarissima
891 535 982 580 est
1035 520 1285 577 Nic-olai
1335 518 1676 594 Bzirgnncli
1719 517 1999 576 Historia

313 613 607 677 Bavarica
637 613 711 672 ab
752 635 801 670 a.
831 611 1013 669 1515.
1054 641 1138 651 -—-
1185 607 1367 666 1547.
1403 603 1767 688 Ingolstadii
1816 604 2002 676 1656,

315 706 378 762 in
441 706 493 761 4.
543 700 901 760 Dissertatio
953 701 1181 754 Frcmc.
1237 695 1412 753 Joan.
1471 697 1738 754 Baddei.
1791 695 2000 756 Jenae.

319 791 497 852 1689.
551 793 608 849 4.
668 788 971 847 Giinther-i
1027 781 1573 867 Schvartzburgici
1634 797 1802 865 gesta
1853 783 2005 843 illu-

313 879 530 939 stravit
610 879 979 935 Alcamenis
1074 873 1432 931 Fritsclzius
1517 871 2002 956 Rudolphstadti

318 970 498 1029 1677.
541 974 594 1042 4.
643 968 898 1025 Cat-olas
939 964 1054 1022 VI.
1093 962 1224 1046 ipse
1257 961 1601 1021 Historiam
1637 983 1814 1022 suam
1851 964 2004 1022 scri-

312 1056 462 1117 here
507 1056 748 1137 coepit,
817 1050 988 1136 cujus
1049 1064 1253 1112 tamen
1310 1061 1554 1111 tantum
1607 1044 2006 1135 fragmenta,

319 1146 479 1203 inter
516 1166 727 1204 rerum
762 1142 1273 1203 Germanicarum
1315 1140 1670 1222 Scriptores
1710 1141 2004 1222 antiquos

316 1230 510 1294 edidit
544 1235 977 1310 Μανᾳαανᾱιιε
1016 1231 1349 1289 FrelzeraS.
1400 1227 1771 1289 Helmstadti
1817 1230 2006 1290 1585.

317 1324 371 1382 4.
426 1323 739 1380 Com-aclas
790 1323 1045 1380 Samuel
1083 1319 1676 1395 Schzcrczfleisclzins
1719 1316 2008 1379 disserta-

317 1411 548 1470 tionem
590 1411 866 1494 scripsit,
953 1407 1125 1492 quod
1169 1409 1432 1471 Carolus
1483 1409 1602 1467 IV.
1649 1429 1778 1467 non
1829 1405 2007 1468 dissi-

311 1500 550 1582 paverit
605 1500 859 1584 Imperii
917 1499 1368 1581 patrimonium
1430 1519 1560 1581 quo
1609 1495 1689 1558 ad
1735 1518 2006 1579 regnum

313 1586 683 1649 Arelatense.
731 1588 822 1650 De
858 1589 1170 1647 Friderici
1206 1587 1760 1648 Brunsvicensium
1802 1599 1865 1647 et
1896 1586 2004 1644 Li-

316 1674 794 1759 neburgensium
829 1675 999 1736 ducis
1042 1679 1106 1735 in
1143 1677 1501 1738 Romanum
1549 1681 1702 1760 Imp.
1744 1675 2008 1737 electio-

322 1786 399 1824 ne
440 1778 634 1825 exstat
665 1767 1021 1827 Dissertatio
1077 1769 1348 1825 Henrici
1402 1768 1739 1826 Meibomii.
1790 1763 2008 1824 Helm-

315 1852 518 1912 stadtii
566 1856 748 1915 1681.
789 1857 842 1914 4.
896 1865 956 1915 et
1006 1857 1072 1914 in
1121 1857 1322 1915 Tomo
1374 1854 1490 1917 III.
1533 1878 1656 1917 rer.
1706 1855 2004 1914 German.

316 1978 400 1987 ——-
436 1946 739 2001 Fn‘derici
778 1944 902 2002 III.
943 1943 1086 2005 alias
1124 1944 1202 2006 V.
1244 1945 1533 2005 Diarium
1573 1946 1742 2005 vitae
1779 1946 2010 2002 Petrus

318 2032 681 2089 Lambecins
756 2034 937 2096 1666.
1010 2035 1063 2093 4.
1125 2035 1655 2096 Praestantissima
1704 2055 1860 2093 vero
1914 2043 2006 2093 est

317 2120 565 2179 Aeneae
603 2124 804 2198 Sylvii
841 2123 1115 2183 Historia
1136 2146 1353 2184 rerum
1377 2125 1692 2182 Friderici
1732 2123 1859 2180 III.
1895 2142 2007 2182 ex-

319 2221 435 2266 stat
474 2223 535 2269 et
572 2211 635 2268 in
669 2209 1027 2272 collectione
1063 2215 1373 2272 Schilceri.
1427 2214 1502 2272 In
1537 2212 1650 2272 ΙΙΙ.
1688 2212 1850 2272 Tom
1881 2231 2005 2271 rer.

316 2297 523 2357 Germ.
566 2301 850 2358 Freherii
890 2315 1091 2361 exstat
1126 2306 1385 2362 Antonii
1421 2305 1830 2361 Panormitae
1863 2319 2010 2361 ora-

315 2385 404 2444 tio
439 2387 668 2448 Romae
705 2386 908 2450 habita
939 2392 1003 2449 in
1049 2393 1473 2453 Coronatione
1511 2392 1826 2451 Friderici
1874 2390 2005 2447 III.

317 2495 367 2530 a.
435 2475 614 2535 1452.
677 2478 822 2538 item
874 2481 1161 2539 Jannotti
1206 2485 1457 2541 Maneti
1479 2527 1494 2557 ‚
1558 2480 1636 2542 de
1691 2480 2008 2539 Friderici

319 2560 699 2640 profectione
753 2569 813 2626 in
857 2568 1095 2630 Italiam
1156 2573 1342 2633 1468.
1382 2584 1684 2656 suscepta.
1743 2570 2008 2628 Joannis

316 2652 388 2706 de
426 2654 671 2711 Zredna
704 2655 1010 2739 Epistolae
1040 2655 1366 2722 historicae
1404 2662 1570 2721 inter
1604 2662 2004 2741 Frideriqmn

324 2741 398 2794 V.
437 2754 497 2798 et
539 2741 823 2825 Regnum
859 2746 1215 2828 Hungariae
1250 2750 1331 2810 ab
1377 2772 1426 2807 a.
1478 2749 1662 2810 1445.
1688 2784 1773 2795 ---
1814 2747 1999 2811 1451.

318 2825 641 2900 collectae,
704 2831 1042 2895 illustratae
1091 2860 1124 2894 a
1173 2840 1372 2897 Panlo
1424 2841 1702 2904 Ivciniclz,
1754 2838 2005 2898 Nic-olai

319 2916 715 2993 Langmanni
747 2925 818 2978 cle
863 2926 1295 2985 Falckenstein
1341 2927 1621 2988 Historia
1668 2927 2003 3010 desponsa-

317 3002 497 3064 tionis
557 3010 862 3069 Friderici
918 3016 996 3072 V.
1053 3016 1419 3078 Bernhardi
1465 3020 1741 3098 Bergeri
1796 3015 2004 3078 oratio

1858 3126 1927 3164 m
