2097 3726
395 109 517 170 554
848 108 1150 167 Historia
1192 110 1455 186 Imperii

667 638 1251 795 Caput
1381 639 1602 747 IX'.

295 920 608 982 Exhibeas
648 921 1013 982 Historiam
1069 926 1441 984 Germaniae
1486 924 1599 983 sub
1632 924 1987 998 Imperat&-

469 1009 645 1068 ribus
703 1012 1086 1070 Restaarati
1136 1016 1402 1090 Imperii
1449 1014 1889 1083 occidentalia,
1946 1035 1989 1068 a

474 1099 700 1157 Carolo
766 1101 859 1158 M.
921 1121 1117 1178 usqae
1170 1106 1259 1160 ad
1321 1103 1632 1179 Magnam
1710 1103 1990 1158 Interre-

460 1207 693 1266 gnum,
739 1208 849 1246 seu
886 1189 965 1245 ab
1005 1211 1102 1249 an.
1141 1193 1283 1252 800.
1334 1211 1527 1269 usque
1558 1212 1613 1248 a.
1660 1189 1844 1249 1250.
1885 1209 1994 1245 sea

469 1277 785 1337 Friderici
833 1278 922 1338 II.
967 1278 1214 1340 obitam.

285 1774 332 1855 ᾗ.
375 1793 425 1835 1.
451 1709 845 1842 Statistico
887 1772 1322 1851 Geograplzica
1350 1773 1517 1830 notio
1561 1772 1824 1850 Imperii
1857 1777 1995 1834 Ro-

286 1884 470 1923 mano
511 1865 884 1925 Germanici„
944 1863 1131 1921 Sacra
1175 1860 1443 1920 Romani
1480 1860 1738 1944 Imperii
1780 1861 1988 1940 sedeS‚

287 1973 452 2036 quae
504 1955 569 2013 in
623 1949 1008 2013 occidentem
1062 1961 1125 2009 et
1178 1949 1485 2009 orientem
1535 1950 1684 2008 olim
1743 1948 1982 2027 divisa,

286 2041 479 2101 variis
520 2040 914 2102 diversarum
952 2037 1251 2098 Gentium
1292 2036 1766 2097 excursionibus
1811 2037 1984 2100 labe·

283 2126 543 2203 factata,
590 2127 825 2190 disidiis
866 2127 1164 2197 lacerata,
1209 2121 1458 2184 demum
1493 2124 1779 2186 occidens
1823 2127 1989 2188 mole

283 2239 391 2278 sua
440 2218 721 2292 ruinam,
785 2213 1034 2277 tandem
1077 2223 1415 2273 restaurata
1473 2215 1595 2287 ita,
1657 2227 1730 2273 ut
1769 2214 1988 2275 relicta

281 2303 494 2381 Italia,
561 2328 690 2367 non
724 2307 789 2364 in
827 2303 948 2363 alia
986 2303 1274 2385 regione,
1323 2323 1512 2383 quam
1545 2303 1611 2359 in
1644 2303 1985 2363 Germania

277 2391 693 2479 praesidium,
759 2392 993 2466 robur,
1055 2405 1119 2451 et
1164 2388 1422 2450 salutem
1464 2389 1825 2472 quaerendo
1884 2394 1985 2450 in-

281 2483 566 2558 venerit,
626 2481 826 2544 electo
869 2483 935 2540 in
974 2482 1424 2564 Imperatorem
1475 2481 1695 2537 Carolo
1736 2481 1982 2557 Magno

278 2567 667 2632 Francorum
726 2591 908 2654 rege,
967 2570 1078 2652 qui
1128 2568 1382 2628 natione
1429 2568 1774 2626 Germanas
1826 2567 1981 2642 fuit,

278 2671 499 2741 utpote
544 2681 622 2721 ex
662 2659 924 2718 Francia
964 2655 1250 2718 orientali
1299 2653 1637 2732 oriundus,
1697 2658 1984 2713 Franco-

275 2765 384 2804 nes
426 2760 634 2808 autem
667 2747 965 2808 Germani
997 2743 1217 2830 populi
1262 2757 1441 2819 sunt,
1481 2757 1552 2802 ut
1586 2764 1773 2823 supra
1812 2741 1978 2801 vidi-

272 2853 428 2894 mus,
516 2835 776 2897 Francia
815 2833 1049 2918 duplex
1095 2846 1188 2894 est
1203 2878 1221 2909 ,
1268 2834 1363 2891 uti
1409 2830 1726 2892 orientalis
1769 2844 1832 2891 et
1869 2852 1981 2890 oc-

271 2920 607 2988 cidentalis.
653 2923 758 2988 Ad
804 2925 1173 2985 orientalem
1213 2917 1538 2982 Franciam
1577 2919 1977 3004 pertinebant

1616 3002 1888 3070 Thurin-
