2097 3726
464 160 495 216 5
508 158 539 215 3
551 158 578 213 >i
894 146 1186 206 Historia
1230 139 1485 216 Imperii

369 334 455 414 gis
502 326 623 384 lilio
677 317 941 381 secundo
993 330 1157 378 nato.
1205 315 1345 377 VII.
1393 309 1693 383 Iosephus
1743 319 2028 365 mortuus

373 419 546 478 1807.
603 411 766 468 VIII.
844 408 1138 464 Cat-Olina
1195 416 1334 460 nata
1393 401 1574 459 1801.
1630 395 2034 454 Matrimonio

363 503 562 587 juncta
622 497 935 554 Friderc‘co
1000 495 1292 570 Augusto
1370 485 1671 546 Saxoniae
1740 482 2034 564 Principi.

374 590 544 649 1819.
602 585 706 643 IX.
765 582 1117 640 Franciscus
1176 590 1355 636 natus
1430 575 1616 637 1802.
1667 572 1746 628 Χ.
1809 571 2034 628 Μανία

361 678 545 734 Anna
588 687 726 730 nata
778 671 957 730 1804.
988 668 1095 727 XI.
1133 669 1396 724 Joccnnes
1445 665 1694 735 Nepam.
1738 670 2034 718 mortuus.

362 764 496 821 XII.
526 762 779 820 Amalia
814 770 1072 816 mortua.
1111 773 1195 797 -·-
1230 753 1514 811 Terciam
1550 743 1888 829 Conjugem
1920 743 2037 804 du-

360 853 451 908 xit
490 850 767 906 Mariam
803 846 1182 903 Ladovicam
1235 842 1418 899 1808.
1461 834 1651 894 filiam
1688 837 2035 893 Fet-dinan-

361 942 425 996 cli
445 932 838 1007 ArchiduciS,
877 943 1123 991 mortua
1162 933 1214 988 7.
1249 925 1448 1010 April.
1491 925 1676 986 1816.
1705 958 1790 967 -——
1832 923 2036 994 Quar-

363 1041 420 1084 ta
469 1021 709 1104 Conjux
754 1031 843 1080 est
897 1020 1188 1077 Car-olma
1242 1015 1553 1097 Augusta,
1599 1012 2030 1070 Maximillam

359 1112 604 1186 Joseplzi
638 1107 933 1169 Bavariae
978 1107 1140 1187 regis
1189 1102 1351 1178 filia,
1399 1123 1589 1184 quam
1634 1099 2032 1182 desponsavit

361 1222 472 1282 per
502 1196 999 1257 Procurationem
1033 1189 1340 1254 Monachii
1380 1194 1479 1252 29.
1516 1188 1807 1250 Octobris
1842 1189 2026 1249 1816.

358 1288 459 1346 cui
502 1285 784 1368 Optimae
823 1295 884 1341 et
921 1283 1179 1364 Magnae
1220 1281 1557 1354 Dominae,
1623 1297 1836 1336 omnes
1879 1274 2030 1337 boni

357 1372 833 1433 incolumitatem
883 1367 959 1430 de
1016 1369 1204 1430 corde
1258 1389 1601 1451 precamur.
1653 1367 2030 1424 Franci-scus

356 1464 443 1519 II.
492 1470 626 1543 post
672 1469 935 1517 mortem
983 1459 1177 1542 patris
1223 1479 1370 1517 mox
1414 1452 1813 1516 Francofurti
1858 1475 2032 1514 com-

355 1550 523 1609 muni
566 1545 910 1607 Electorum
935 1560 1082 1607 voto
1116 1546 1468 1630 Imperator
1507 1555 1781 1623 creatus,
1829 1544 2030 1602 omni-

358 1658 461 1695 um
507 1633 772 1693 fidelium
811 1632 1200 1704 subditorum
1254 1632 1564 1696 mentibus
1611 1630 2030 1693 felicissimum

355 1721 483 1805 ejus
533 1724 863 1805 Imperium
910 1721 1192 1784 futurum
1241 1722 1580 1784 instillabat
1630 1721 1770 1804 pius
1810 1717 1908 1779 hic
1944 1733 2029 1789 =et

355 1807 637 1895 pacificus
691 1811 977 1893 Princeps
1004 1855 1020 1885 ‚
1087 1813 1149 1870 in
1209 1833 1336 1895 quo
1388 1826 1674 1895 paternas
1730 1809 2025 1884 virtuteS‚

356 1900 642 1958 invictam
696 1897 1154 1976 fortitudinem,
1219 1899 1556 1962 candorem
1611 1898 1845 1970 animi,
1909 1918 2026 1980 pe-

354 1983 768 2068 culiaremque
804 2008 944 2069 erga
996 2001 1086 2047 tot
1137 1989 1427 2049 Nationes
1481 1988 1826 2072 Imperium
1875 2007 2028 2045 con-

355 2076 698 2148 stituenteS,
788 2074 1126 2159 Imperialis
1189 2098 1258 2136 ac
1318 2077 1566 2160 Regalis
1629 2074 2027 2155 benignitatis

357 2162 860 2244 propensionem,
919 2183 1059 2223 cum
1105 2186 1342 2226 summo
1383 2165 1592 2249 gaudii
1645 2177 1708 2225 ct
1761 2161 2027 2220 admira-

358 2249 538 2307 tionis
590 2268 762 2307 sensu
817 2252 1159 2312 intuemur!
1236 2277 1426 2338 quam
1484 2275 1634 2315 vere
1696 2253 2024 2311 Paternam

359 2334 818 2397 sollicitudinem
848 2341 1059 2422 primis
1089 2343 1291 2402 statim
1321 2341 1788 2426 auspicatissimi
1831 2340 2022 2422 Regi-

353 2424 532 2480 minis
588 2424 772 2484 initiis
797 2470 812 2498 ‚
878 2426 955 2487 ad
995 2427 1250 2490 salutem
1283 2430 1766 2513 felicitatemque
1807 2424 2025 2488 haere-

355 2509 713 2569 ditariarum
762 2514 1228 2576 Provinciarum
1278 2517 1643 2581 firmandam
1688 2528 1751 2576 et
1793 2537 2024 2598 augen-

355 2595 490 2696 d.³¹¹.¹
542 2598 856 2662 intendere
906 2602 1056 2664 adeo
1094 2606 1425 2689 cupiebat,
1492 2622 1561 2668 ut
1602 2608 1750 2667 licet
1784 2606 2023 2688 gravis-

356 2705 486 2743 simi
534 2697 600 2743 et
644 2689 1090 2771 sangvinolenti
1147 2692 1294 2754 belli
1347 2695 1567 2757 Gallici
1613 2714 1798 2757 curae
1858 2690 2019 2751 mul-

315 2819 328 2828 ,
360 2784 481 2866 tum
516 2792 655 2830 eum
693 2774 809 2835 alio
844 2784 1298 2860 converterint3
1343 2797 1550 2846 tamen
1588 2785 1751 2846 inter
1779 2777 2016 2841 medios

352 2854 525 2952 hugus
549 2857 706 2956 ⁸belli
743 2867 1059 2947 strepitUS,
1126 2870 1483 2933 Provincias
1521 2887 1582 2933 et
1614 2892 1804 2955 regna
1843 2889 1950 2927 sua
1985 2890 2018 2925 a

352 2965 564 3027 malon
606 2953 926 3016 vexatione
963 2953 1314 3019 admirabili
1348 2960 1741 3045 providentia
1774 2971 1836 3021 et
1867 2978 2020 3039 pru-

1727 3045 1934 3107 dentia
