2097 3726
442 171 472 225 s)
487 186 559 223 20
895 160 1194 215 Historia
1232 156 1492 229 Imperii

352 345 423 400 V.
457 339 755 408 retineat,
802 353 1006 413 neque
1049 329 1380 415 aliquando
1422 325 1718 408 Hispania
1756 322 2028 387 eundem

344 447 545 507 regem
596 440 736 482 cum
781 420 980 479 Gallia
1023 417 1255 482 habere
1304 419 1508 502 possit.
1575 412 2024 477 Gibraltariam

340 537 479 578 cum
532 515 772 570 minore
830 508 1151 569 Balcarum
1202 507 1428 578 insula,
1495 514 1558 563 et
1612 504 1677 560 in
1736 503 2028 562 America
2080 561 2084 565 ,

335 622 558 662 novam
601 599 868 657 Scotiam
904 599 1101 674 Angli
1148 597 1484 655 obtineant.
1547 591 1637 650 Ut
1685 593 2023 650 Lusitanis

333 688 588 771 amplius
634 688 733 745 Lis
770 708 894 744 non
933 699 1258 745 moveatur
1298 683 1373 742 de
1416 681 1678 761 regione
1715 679 1796 737 ad
1826 680 2022 741 Ame—

334 799 554 838 zonum
599 774 852 832 fluvium
906 775 1053 847 sita,
1106 787 1168 833 et
1210 771 1468 831 Colonia
1504 768 1563 826 S.
1618 767 2018 837 sacramenti,

339 866 658 924 Sabazcdzcs
707 861 979 920 Siciliam
1020 883 1160 920 cum
1201 861 1399 941 Regio
1439 858 1695 918 nomine
1735 860 2015 943 accipiat.

336 955 420 1012 Ut
447 953 708 1033 Regium
752 972 976 1010 nomen
1013 949 1274 1009 Electori
1318 944 1864 1029 BrandeburgiCO,
1911 968 2021 1005 cu-

330 1039 422 1124 jus
480 1053 654 1122 pater
730 1041 1089 1097 Friclericus
1158 1041 1208 1096 I.
1271 1060 1334 1098 se
1387 1038 1627 1118 Regem
1687 1037 2019 1096 Borussiae

337 1132 517 1190 1701.
572 1125 936 1211 appellavit,
1000 1125 1154 1185 nulli
1209 1129 1494 1208 Europae
1537 1126 1853 1208 principes
1906 1123 2016 1184 de-

329 1228 562 1298 negent.
627 1218 712 1274 Ut
767 1218 1021 1274 Carolus
1074 1215 1425 1299 Imperator
1461 1213 1746 1295 Belgium
1785 1214 2016 1296 Hispa-

328 1309 567 1378 nicum,
635 1306 781 1364 item
820 1303 1148 1388 Belgarum
1185 1301 1492 1388 praesidia
1536 1305 1599 1360 in
1645 1301 1854 1361 multis
1907 1325 2016 1362 ur-

328 1393 535 1467 bibus,
594 1392 735 1452 licet
777 1414 918 1452 cum
977 1415 1165 1453 onere
1220 1394 1684 1453 intertentionis
1735 1391 2013 1452 Militum

327 1482 616 1564 recipiat,
685 1482 775 1540 uti
828 1495 890 1542 et
927 1482 1279 1558 Brisacum,
1342 1480 1763 1564 Friburgum,
1831 1481 2013 1541 Man-

332 1586 496 1631 tuam
552 1584 612 1630 et
648 1568 1101 1647 Mediolanum,
1168 1569 1515 1631 Sardiniam
1566 1584 1630 1629 et
1676 1569 2011 1653 Neapolim

331 1658 616 1718 obtineat.
683 1658 915 1718 Verum
971 1661 1195 1721 Caesar
1243 1683 1276 1718 a
1328 1659 1433 1719 tali
1494 1680 1678 1743 pace,
1748 1681 1872 1741 qua
1917 1656 2011 1740 jus

330 1746 455 1827 ejus
509 1748 569 1803 in
624 1745 982 1829 Hispaniam
1042 1749 1497 1831 abrogabatur,
1569 1748 1752 1807 initio
1817 1744 2011 1808 vehe-

329 1849 566 1895 menter
641 1831 1041 1913 abhorrebat,
1131 1837 1269 1900 ideo
1343 1837 1577 1898 bellum
1668 1834 2006 1909 meditanS‚

330 1945 523 2004 quum
562 1922 801 1982 tandem
850 1924 1188 1987 defectione
1223 1932 1536 1988 sociorum
1565 1923 2006 1999 intellexisset,

328 2010 642 2070 Gallorum
686 2011 919 2072 viribus
967 2016 1030 2072 in
1079 2017 1413 2077 Germania
1456 2014 1720 2098 amplius
1759 2017 2007 2074 resiste-

327 2121 396 2159 re
438 2121 562 2158 non
614 2122 819 2184 posse,
877 2117 1092 2185 agente
1140 2106 1443 2189 imprimis
1487 2098 1845 2162 Innocent'io
1889 2102 2002 2162 XI.

325 2185 617 2248 Pontifice
681 2190 808 2271 ipse
859 2212 1112 2274 quoque
1169 2195 1388 2255 Caesar
1453 2196 1757 2253 Rastaclii
1816 2194 2001 2252 1714.

329 2275 489 2358 pacis
533 2275 909 2339 conditiones
943 2295 1101 2340 ratas
1138 2277 1387 2360 habuit,
1448 2304 1605 2366 quas
1641 2279 1861 2344 eodem
1894 2303 2003 2339 an-

326 2385 408 2422 no
444 2364 624 2423 etiam
660 2367 908 2448 Imperii
945 2369 1296 2431 Germanici
1338 2373 1653 2457 principes
1699 2373 2004 2429 Badenae

327 2450 749 2513 Helvetiorum
783 2454 1224 2540 adprobarunt.
1266 2497 1350 2506 —-
1397 2461 1606 2521 Finito
1643 2456 1761 2520 hoc
1800 2458 2002 2533 bello,

324 2560 468 2599 mox
514 2562 653 2601 cum
702 2545 919 2605 Turcis
967 2569 1203 2608 novum
1254 2552 1468 2634 erupit
1519 2547 1787 2624 bellum,
1860 2546 2002 2607 ideo

325 2625 492 2705 quod
538 2629 772 2694 Turcae
807 2656 882 2693 ex
929 2638 1169 2698 occulto
1208 2639 1633 2723 Hispanorum
1683 2636 1955 2699 Consilio
1982 2681 1999 2710 ‚

324 2713 700 2779 Venetorum
762 2719 1022 2786 ditiones
1082 2728 1147 2785 in
1201 2727 1628 2812 Peloponneso
1692 2740 1755 2787 et
1812 2727 2002 2785 Creta

324 2797 617 2867 hostiliter
655 2809 1004 2872 invaserint.
1051 2816 1257 2888 Quare
1295 2818 1519 2878 Caesar
1555 2827 1626 2874 ut
1655 2816 1835 2898 Reip.
1869 2813 2001 2873 Ve-

323 2903 495 2953 netae
555 2916 631 2955 ex
694 2897 941 2961 foedere
999 2902 1402 2978 subveniret,
1487 2903 1722 2965 bellum
1773 2916 1995 2963 contra

325 2976 550 3043 Turcas
607 2982 721 3044 sub
763 2991 1041 3071 auspiciis
1103 2994 1274 3054 istius
1337 2992 1609 3055 fulminis
1663 2991 1869 3053 bellici
1934 3000 1997 3052 et

1593 3081 1909 3142 fortissimi
