2097 3726
510 160 780 216 Romani
825 157 1212 217 Graecanici.
1523 153 1648 219 265

43 336 105 395 in
173 337 424 394 Christo
485 333 768 416 negavit,
852 346 1043 414 prout
1118 346 1181 391 et
1254 335 1546 393 Mariam
1609 356 1736 397 esse

35 424 406 505 Deiparam,
455 422 625 505 cujus
657 420 924 480 haeresis
958 419 1246 480 damnata
1287 421 1408 482 fuit
1447 446 1482 481 a
1530 426 1738 501 Cyril-

0 516 96 583 llo
150 512 578 573 Alexandrino
624 523 684 569 et
736 532 770 566 a
827 512 1163 566 Coelestitzo
1213 512 1373 593 Papa
1435 536 1528 570 an.
1593 514 1736 572 451.

0 623 235 682 fquare
296 604 480 664 etiam
549 601 881 656 Nestorius
935 620 969 654 a
1034 599 1368 657 Theodosio
1437 600 1590 682 Imp.
1671 604 1737 660 in

33 691 394 772 Aegyptum
448 687 563 746 suit
625 687 970 768 inlegatus,
1044 687 1130 766 a)
1194 686 1463 748 fautores
1528 703 1736 750 tamen

31 778 384 859 complures
427 778 684 834 invenit.
733 776 948 858 Longe
986 773 1249 859 majores
1293 777 1501 836 turbas
1541 777 1732 838 dabat

33 862 299 925 haeresis
362 867 809 940 Eutychiana,
890 885 1065 945 cujus
1129 878 1346 924 auctor
1405 868 1730 943 Eutyches

35 952 544 1012 Archimandrita
595 952 1315 1036 Constantinopolitanus
1365 952 1513 1012 dum
1566 953 1734 1038 apud

30 1064 172 1102 suos
227 1040 564 1101 Monachos
622 1063 869 1102 enoles
929 1044 1215 1100 Nestorii
1262 1041 1609 1117 refutaiet‚
1675 1046 1738 1103 in

30 1133 391 1212 oppositum
436 1129 654 1190 incidit
689 1152 1003 1206 er⁴²101em‚
1053 1133 1163 1213 qui
1200 1133 1263 1189 in
1310 1133 1560 1189 Christo
1594 1146 1737 1216 post

28 1220 522 1279 incarnationem
566 1243 752 1278 unam
790 1232 1031 1278 tantum
1066 1232 1353 1279 naturam
1392 1218 1580 1280 fuisse
1621 1219 1733 1280 do-

29 1309 191 1381 cuit,
278 1330 356 1367 ex
423 1307 598 1388 cujus
665 1308 952 1367 doctrina
1014 1312 1301 1390 quamvis
1350 1310 1415 1366 in
1478 1308 1732 1391 Synodo

27 1394 548 1472 Chalcedonensi‚
596 1412 658 1458 et
697 1394 1002 1480 Ephesina
1042 1402 1118 1456 II.
1159 1396 1376 1457 fuisset
1409 1395 1727 1474 damnata,

30 1485 105 1564 b)
156 1499 366 1545 tamen
418 1509 494 1546 ex
548 1486 760 1546 furore
817 1499 879 1545 et
950 1507 1218 1546 numero
1260 1485 1577 1546 fautorum
1631 1489 1727 1545 in-

29 1576 238 1654 gentia
287 1574 446 1633 mala
485 1577 600 1634 toti
638 1573 947 1633 Ecclesiae
991 1572 1228 1633 funesta
1268 1575 1692 1656 sequebantur
1712 1620 1729 1649 ‚

25 1661 159 1743 ejus
197 1665 363 1724 enim
409 1662 698 1723 radices
684 1687 748 1721 ln
787 1662 1117 1763 Aegypto,
1167 1662 1552 1738 Palaestina,
1600 1663 1729 1723 A1-

25 1754 264 1824 menia,
309 1753 524 1833 Syria,
572 1766 635 1810 et
671 1748 1053 1832 Aethiopia
1037 1771 1103 1809 1n
1125 1748 1289 1810 hunc
1333 1772 1533 1833 usque
1560 1751 1727 1813 diem

22 1842 335 1915 existunt,
406 1843 713 1922 novisque
766 1841 945 1899 sectis
1007 1861 1217 1902 ansam
1275 1841 1723 1924 praebuerunt.

20 1929 314 2013 Amplius
352 1930 658 1990 Ecclesiae
691 1930 907 1988 nocuit
949 1929 1014 1988 in
1050 1931 1292 1989 oriente
1331 1931 1727 1990 Anastasius

21 2017 179 2101 Imp.
231 2021 342 2101 qui
401 2020 609 2102 primo
657 2015 1115 2078 Orthodoxiam
1160 2017 1517 2095 simulavit,
1577 2015 1725 2082 dein

23 2106 224 2189 palam
270 2104 838 2188 Eutychianismum
891 2105 1185 2167 defendit.
1232 2106 1316 2185 e)

200 2195 243 2271 ᾗ.
297 2198 351 2254 5.
406 2199 628 2253 Status
672 2198 966 2255 Politia-as
1023 2209 1083 2254 et
1114 2200 1337 2273 jor-ma
1380 2197 1723 2274 regiminis.

24 2283 172 2343 Post
212 2281 580 2343 divisionem
638 2286 961 2346 Theodosii
1004 2287 1088 2345 M.
1124 2284 1466 2367 Imperium
1511 2289 1723 2347 orien-

23 2370 185 2444 tale,
253 2369 426 2452 cujus
489 2385 675 2452 caput
727 2373 1291 2457 Constantinopolis
1350 2388 1521 2451 erat,
1607 2398 1725 2458 per

30 2459 226 2518 multa
264 2458 468 2517 secula
507 2461 806 2518 intactum
844 2476 906 2521 et
948 2461 1258 2523 incolume
1302 2465 1511 2535 stetit,
1577 2462 1725 2524 licet

21 2550 321 2630 antiquae
354 2548 589 2607 Romae
636 2549 1132 2629 magnitudinem
1157 2594 1173 2624 ‚
1233 2549 1632 2634 splendorem
1658 2564 1721 2612 et

23 2638 458 2696 auctoritatem
497 2658 823 2717 nunquam
855 2653 1190 2719 aequaret,
1237 2639 1409 2721 quod
1441 2637 1587 2699 dein
1626 2638 1722 2721 ju·-

27 2746 99 2785 re
142 2722 561 2785 haereditario
608 2724 1024 2808 gubernatum
1085 2749 1410 2811 nunquam
1454 2728 1720 2809 amplius

1496 2835 1641 2876 cum

29 2902 346 2924 ῃ

93 2987 169 3059 a)
206 2984 487 3055 Ev·=grius.
531 2986 672 3040 Hist.
763 2984 868 3040 ..1
923 2985 988 3053 b)
1027 2985 1315 3042 Baronius.
1359 2987 1427 3040 ad
1466 3007 1558 3048 an.
1595 2989 1718 3053 449.

167 3077 217 3109 n.
255 3080 303 3112 ).
347 3057 417 3129 c)
457 3059 652 3127 Evagr.
693 3058 753 3110 L.
784 3056 833 3114 3.
870 3059 1098 3129 Niceph.
1129 3058 1193 3110 L.
1235 3056 1317 3110 16.
