2097 3726
369 131 402 189 8
415 124 492 187 56
813 122 1114 183 Ηίεΐονία
1156 124 1415 200 Imperii

279 305 561 377 burgum.
610 294 693 375 a)
738 294 954 379 thue
988 303 1426 360 commertium
1458 298 1788 358 Politicum
1821 320 1971 380 pro-

270 388 521 458 moveri
567 384 802 468 possit,
849 401 1102 465 pontem
1150 389 1514 471 Moguntiae
1563 391 1874 447 exstruxit
1910 387 1971 466 b)

281 490 355 537 ut
396 476 608 534 Renus
660 474 914 532 transiri
967 475 1182 536 valeat.
1258 478 1481 558 Regias
1539 474 1725 548 duas,
1787 498 1974 534 unam

275 563 673 641 Ingellzeimii
699 605 715 634 ,
806 560 987 621 aliam
1054 568 1385 642 Neonmgz'i
1441 565 1762 624 exstruxit.
1843 562 1974 621 Sub

280 665 373 713 est
408 650 747 710 Germania
784 649 892 708 VI.
929 650 1070 711 VII.
1114 666 1175 712 et
1208 653 1382 711 VIII.
1425 651 1774 711 climatibus
1813 653 1977 710 inter

280 737 508 822 gradus
551 736 931 797 Latitudinis
970 741 1067 799 47.
1106 754 1169 800 et
1207 737 1305 802 55.
1341 737 1781 821 Longitudinis
1822 761 1978 798 vero

280 830 446 888 inter
502 827 599 885 24.
648 838 712 885 et
762 825 860 885 46.
901 827 1075 887 coelo
1114 830 1254 887 satis
1312 828 1596 888 clementi
1644 827 1868 909 gaudet
1912 847 1983 884 ac

284 927 654 1000 temperato,
702 912 902 974 Terra
935 913 1206 987 hordeo,
1250 917 1496 992 tritico,
1543 915 1819 997 siligine,
1864 916 1984 972 mi*

284 1004 372 1063 lio
397 1047 413 1077 ,
459 1024 687 1079 avena,
733 1023 803 1061 ac
837 1007 1009 1062 omni
1048 1003 1434 1086 leguminum
1478 1025 1705 1087 genere
1741 1004 1984 1086 gaudet,

283 1105 460 1177 plata
495 1090 694 1192 laeta,
752 1092 1022 1174 optanda
1069 1106 1271 1151 tamen
1318 1091 1557 1174 ubique
1596 1091 1796 1173 major
1849 1092 1986 1152 flu-

284 1181 480 1240 menti
539 1180 718 1264 copia
767 1180 972 1263 quoad
1027 1179 1601 1261 impopulationem.
1670 1182 1858 1241 Dives
1895 1195 1988 1239 ta-

281 1289 427 1328 men
499 1268 787 1349 algenti,
842 1271 1041 1343 aeris,
1103 1267 1291 1342 ferri,
1357 1267 1636 1349 plumbi,
1694 1268 1990 1329 alioium-

291 1377 417 1439 que
469 1355 864 1416 metallolum
921 1354 1238 1417 thesaulis.
1300 1356 1454 1415 Salis
1506 1355 1756 1418 fodinae
1809 1379 1988 1439 prae-

290 1457 533 1505 stantes.
599 1441 862 1528 Lapides
900 1446 1226 1530 primarii,
1274 1457 1335 1503 et
1377 1441 1702 1503 hortorum
1737 1444 1990 1505 deliciae

292 1554 422 1592 non
463 1532 918 1594 desiderantur.
963 1536 1130 1596 Vina
1166 1531 1375 1591 odoris
1421 1546 1484 1592 et
1525 1534 1759 1616 saporis
1808 1555 1994 1617 gene-

293 1638 452 1679 rosa.
501 1621 932 1680 Annimalium
975 1624 1151 1705 copia
1178 1666 1193 1694 ,
1240 1634 1309 1678 ut
1347 1622 1554 1680 Julius
1610 1623 1846 1680 Caesar
1888 1643 1994 1681 re-

294 1706 454 1767 fert:
500 1713 699 1767 malta
734 1712 799 1767 in
835 1713 1032 1786 Sylva
1069 1710 1404 1784 Hercynia
1437 1731 1675 1788 genera
1694 1713 1997 1787 ferarum

293 1799 470 1853 nasci
490 1841 506 1870 ,
569 1819 730 1874 quae
763 1801 1024 1875 reliquis
1058 1801 1123 1855 in
1156 1800 1306 1855 locis
1349 1799 1485 1855 visa
1517 1820 1637 1855 non
1674 1810 1835 1857 sunt.
1880 1811 1992 1857 etc,

291 1881 353 1942 A
392 1885 782 1967 temporibus
829 1887 1042 1943 Caroli
1080 1887 1173 1944 M.
1220 1887 1662 1944 amoenissimis
1708 1885 1993 1947 Urbibus

293 1974 508 2031 castris
531 2017 547 2045 ,
592 1976 763 2056 pagis
797 1989 1014 2048 ornata
1045 1987 1106 2034 et
1149 1972 1391 2032 exculta
1425 1986 1514 2033 est
1542 1976 1768 2034 sensim
1800 1973 1953 2032 adeo
1973 2015 1992 2045 ,

295 2072 368 2117 ut
403 2059 538 2120 aliis
580 2063 787 2145 regnis
825 2084 952 2121 non
998 2061 1190 2122 cedat.
1238 2061 1330 2118 Ex
1374 2059 1586 2121 liberis
1617 2061 1992 2121 Civitatibus

292 2151 670 2232 praecipuae
701 2159 873 2209 sunt:
923 2150 1177 2210 Colonia
1214 2147 1643 2232 Aggrippina,
1684 2152 1993 2212 Wirtem

293 2234 524 2318 berga,
593 2236 884 2314 Lubeka,
929 2236 1425 2317 Lunebuigum‚
1472 2236 1988 2309 Fiancofuitum,

296 2322 553 2396 Brema,
600 2325 859 2408 Lypsia,
905 2326 1118 2410 Spira,
1158 2324 1540 2406 Argentina,
1588 2327 1990 2407 Friburgum,

294 2411 576 2494 Augusta
627 2412 1143 2489 vindelicorum,
1221 2413 1548 2496 Tubinga,
1611 2414 1992 2476 Heidelber—

296 2521 404 2583 ga,
463 2501 842 2576 Ratisbona,
903 2504 1186 2575 Vienna,
1237 2501 1464 2584 Praga,
1532 2502 1739 2577 Buda,
1804 2502 1994 2561 Saba—

299 2589 433 2664 ria,
479 2602 595 2651 etc,
631 2589 885 2651 Fluvios
931 2590 1080 2649 alibi
1121 2592 1494 2651 notavimus.
1543 2591 1750 2674 Opera
1786 2590 2020 2674 publi--

297 2696 366 2736 ca
406 2690 469 2738 et
503 2678 750 2760 privata
782 2680 971 2740 varia.
1021 2679 1265 2739 Statum
1304 2678 1796 2740 Ecclesiasticum
1827 2677 1999 2760 quod

1725 2764 1901 2850 quod

367 2934 466 3015 a)
480 2936 711 3006 Regino,
740 2937 808 2990 ad
847 2955 933 2992 an.
971 2935 1092 2992 809.
1132 2939 1221 2992 die
1272 2936 1354 2992 13.
1400 2938 1590 2994 Martii
1615 2935 1986 2993 Fundamenta

426 3006 571 3076 jacta
606 3017 750 3062 sunt.
804 3006 873 3081 b)
909 3009 1074 3063 idem.
1105 3009 1192 3064 ad.
1226 3027 1313 3065 an.
1355 3005 1473 3064 792.
