2097 3726
359 173 394 231 5
405 175 436 232 7
447 172 484 233 4
810 175 1114 235 ,Ηίείονία
1151 177 1413 256 Imperii

259 330 323 377 et
370 310 712 376 Monachus
759 314 992 395 factm,
1053 342 1193 383 cum
1243 319 1463 385 dolore
1516 324 1965 410 poenitentiam

263 407 390 486 egit
426 403 505 466 de
543 419 791 488 patrato
833 405 1148 487 facinore,
1194 413 1302 474 ubi
1351 416 1539 474 etiam
1580 410 1760 474 brevi
1804 436 1839 473 e
1875 416 1971 473 vi·-

272 497 367 552 vis
399 494 696 567 excessit,
742 517 795 555 3.
837 499 978 558 855.

445 581 557 643 IV.
621 585 982 646 Ludovieas
1035 589 1124 646 II.
1172 602 1350 672 patre
1390 591 1707 649 Lothario
1756 596 1800 658 Ι,
1843 613 1974 648 ma·-

265 683 366 731 tre
429 672 835 751 Irmingarde
901 689 1081 736 natus
1123 700 1170 736 a.
1240 683 1384 761 829.
1447 701 1710 739 uxorem
1750 677 1968 739 habuit

262 763 701 837 Luitgarclam
762 766 1044 823 Eticonis
1100 765 1358 851 Welphi
1420 766 1646 842 filiam,
1709 791 1788 830 ex
1847 790 1974 852 qua

262 853 513 910 unicam
551 848 743 912 filiam
782 853 1289 933 Hermingardin
1326 858 1593 940 suscepit
1633 854 1972 940 desponsa-

268 951 397 998 tam
437 940 674 999 Bosom·
704 942 884 1001 Duci.
946 944 1027 1024 a)
1073 945 1432 1004 Ladovicas
1470 943 1571 1005 hic
1617 951 1971 1030 Imperator

265 1049 506 1091 summa
545 1050 688 1090 cum
718 1028 933 1106 laude,
983 1033 1246 1115 pietate,
1301 1054 1372 1093 ac
1404 1032 1816 1096 beneficentia
1858 1037 1975 1094 im-

266 1118 518 1201 perium
553 1116 1050 1194 administravit,
1096 1134 1422 1182 contentus
1465 1124 1808 1206 provinciis
1852 1124 1977 1181 Ita-

264 1208 402 1266 licis
426 1252 443 1281 ‚
489 1228 686 1291 quum
720 1209 962 1270 interea
997 1212 1208 1295 patrui
1246 1212 1432 1270 variis
1467 1209 1733 1272 dissidiis
1778 1214 1977 1294 agita-

263 1307 506 1357 rentur.
552 1294 630 1375 b)
676 1298 939 1359 Interim
979 1319 1094 1359 nec
1138 1301 1457 1359 Ludovieo
1489 1299 1747 1361 deerant
1791 1298 1976 1371 bella,

267 1407 414 1446 cum
449 1385 619 1445 enim
656 1384 950 1449 Saraceni
988 1386 1230 1449 Italiam
1252 1387 1591 1450 crudeliter
1626 1402 1976 1461 vastarent,

265 1477 396 1560 ipse
431 1474 621 1535 etiam
651 1475 890 1558 ingenti
938 1496 1083 1537 cum
1120 1479 1400 1540 exercitu
1438 1501 1490 1539 a.
1531 1476 1673 1539 866.
1709 1476 1978 1539 feliciter

267 1562 667 1649 profligavit,
728 1577 791 1625 et
850 1586 1003 1649 agro
1048 1567 1494 1628 Beneventano
1547 1564 1745 1649 ejecit.
1811 1567 1978 1627 Nor-

263 1673 642 1715 mannorum
703 1651 1170 1738 direptionibus
1227 1657 1553 1717 Franciam
1619 1655 1979 1716 vindicavit.

266 1743 620 1818 Adalgiw,
661 1742 766 1801 cui
812 1742 1125 1805 Ducatum
1161 1745 1505 1806 Beneventi
1542 1748 1936 1806 commiserat
1961 1789 1978 1818 ‚

262 1839 489 1892 contra
549 1849 614 1889 se
678 1831 1062 1913 insurgenti,
1144 1833 1222 1893 ad
1278 1835 1546 1917 primam
1590 1832 1979 1918 deprecatio-

266 1941 415 1981 nem
449 1918 700 1979 veniam
757 1918 1139 1996 concedenS‚
1203 1924 1504 2006 pristinae
1541 1919 1828 2004 dignitati
1875 1944 1976 1982 re-

269 2008 492 2069 stituit.
541 2008 716 2068 Inter
747 2003 896 2070 haec
934 2007 1013 2072 de
1047 2031 1198 2070 vera
1232 2010 1535 2095 religione
1557 2012 1824 2070 nimium
1858 2010 1979 2070 sol-

266 2096 514 2171 licituS,
560 2095 820 2157 eandem
857 2096 1032 2158 factis
1061 2098 1329 2158 multum
1370 2101 1705 2184 provexit,
1751 2099 1872 2160 sub
1902 2120 1978 2159 eo

265 2185 522 2268 Bulgari
571 2198 634 2246 et
675 2187 857 2246 Russi
896 2189 1183 2249 conversi
1229 2202 1425 2249 erant.
1486 2187 1568 2266 c)
1614 2187 1979 2248 Avarorum

264 2277 406 2338 Rex
472 2275 826 2334 Theodorus
873 2275 1233 2360 baptizatus.
1328 2278 1408 2357 d)
1476 2275 1758 2338 Tandem
1811 2299 1977 2336 anno

269 2365 522 2446 imperii
569 2384 667 2423 20.
727 2362 898 2424 nullo
943 2364 1217 2425 masculo
1266 2362 1535 2427 haerede
1578 2365 1799 2427 relicto
1843 2366 1981 2426 Me-

273 2451 504 2512 diolani
549 2450 711 2513 obiit
762 2477 812 2512 a.
873 2456 1016 2514 875.
1078 2454 1193 2515 suh
1236 2476 1311 2516 eo
1367 2456 1718 2516 saevissima
1768 2452 1982 2536 hyems

276 2540 431 2615 fuit,
467 2564 638 2604 mare
683 2543 850 2603 enim
888 2541 1281 2605 Adriaticum
1323 2545 1469 2626 859.
1501 2543 1691 2627 glacie
1714 2543 1983 2604 constri-

275 2644 449 2690 ctum
498 2645 629 2691 erat
675 2633 793 2708 ita,
857 2645 928 2692 ut
981 2633 1277 2696 Venetias
1328 2631 1592 2717 pedibus
1646 2633 1740 2693 ire
1787 2632 1979 2692 licuit.

282 2719 426 2779 860.
473 2721 571 2785 25.
611 2718 798 2805 Maji‚
846 2723 913 2780 in
955 2720 1111 2784 festo
1155 2721 1587 2799 Ascensi011i5‚
1635 2735 1980 2782 terraemo-
2068 2775 2077 2791 ,

1817 2816 1887 2867 tu

346 2916 421 2988 a)
459 2918 546 2968 Ex
581 2915 685 2966 hoc
728 2914 1005 2967 connuhio
1043 2926 1202 2968 natus
1240 2927 1322 2968 est
1358 2914 1667 2968 Ludovicus
1716 2913 1834 2966 Rex
1868 2914 1978 2967 Ita-

419 2986 522 3037 liae
561 3004 590 3036 a
628 2985 950 3053 Berengario
986 2997 1318 3086 excoecatus,
1369 2984 1462 3107 b)3
1478 2984 1979 3127 ΒθὲἐηοΑ.νΛέἐῐὲῐῖιίιῐζ

420 3055 593 3187 &isti-
604 3054 959 3199 Moeigcigeiiuifg).
994 3057 1181 3183 {agai
1192 3077 1220 3183 1Ί
1227 3076 1249 3108 S
1254 3056 1410 3182 ‚mTi-
1468 3095 1483 3112 ⁶
