2097 3726
399 225 433 269 2
447 230 478 268 2
493 220 525 267 2
689 195 988 263 Historia
1027 187 1600 282 Longobardoru'n'n

309 385 418 465 qui
449 396 595 443 mox
639 378 720 439 ab
769 381 981 440 Alzczsi
1031 377 1317 440 Tridenti
1355 376 1513 439 duce
1549 399 1743 463 regno
1785 378 1997 441 detur-2

307 472 529 545 batus,
579 473 711 553 ipso
756 482 962 547 tamen
996 490 1159 528 anno
1200 470 1412 525 Alzczsz'
1461 469 1525 525 in
1579 489 1787 551 pugna
1837 471 2003 528 occi-·=

305 582 413 632 So,
486 580 750 641 regnum
809 556 1264 618 revindicatum
1320 554 1585 616 feliciter
1641 555 2003 641 moderaba-

306 663 412 708 tur
450 670 646 733 usque
686 670 780 705 ana
829 667 973 725 700.
1020 648 1131 727 qui
1172 661 1434 726 regnum
1486 643 1615 703 filio
1656 648 1994 720 Laitper'to
2036 697 2039 699 ,

304 735 503 796 adhuc
543 735 796 810 infanti,
844 735 958 795 sub
993 732 1182 793 tutela
1223 736 1550 808 Asprczrzdi
1584 732 1881 815 reliquit,
1931 733 1999 811 (ι)

308 826 410 885 Sed
469 823 664 883 infans
706 844 872 882 nono
919 822 1234 905 regiminis
1281 843 1486 882 mense
1528 847 1561 880 a
1603 825 1999 899 Ragmnber-

313 927 375 971 to
421 914 789 972 Taurinensi
841 909 996 970 duce
1039 903 1347 992 dejectus,
1407 909 1702 970 thronum
1758 913 1810 969 ei
1855 909 2004 970 dare

308 1004 565 1085 cogitur.
637 997 882 1062 Verum
937 999 1367 1075 Bag-amberto
1425 1014 1564 1082 post
1621 1020 1850 1058 annum
1895 998 2003 1058 de-

307 1090 560 1161 functo,
610 1092 945 1165 Aripertas
990 1085 1149 1144 filius
1208 1088 1535 1162 sziperti
1574 1086 1824 1147 factiose
1870 1106 2006 1146 suc-

308 1179 566 1252 cedenS,
630 1199 776 1237 mox
829 1175 1096 1256 ejectum
1150 1174 1541 1257 impuberem
1597 1179 2005 1252 Licitpertum

311 1268 475 1328 bello
514 1268 713 1350 capit,
764 1267 898 1348 ipso
940 1266 1270 1339 Asprcmdo
1320 1275 1527 1323 tutore
1573 1265 1635 1323 in
1683 1265 2009 1324 Bavariam

311 1357 625 1439 fugiente,
687 1352 860 1436 cujus
912 1353 1096 1411 uxori
1136 1365 1199 1411 et
1242 1353 1442 1410 sorori
1489 1375 1668 1413 nares
1715 1367 1776 1413 et
1830 1374 2008 1413 aures

312 1443 620 1518 abscindi,
668 1445 774 1502 uni
829 1441 1103 1502 filiorum
1148 1438 1361 1500 oculos
1399 1443 1569 1511 erui,
1615 1455 1766 1500 natu
1806 1455 2010 1500 tamen

312 1536 638 1592 minimum
695 1531 770 1590 ad
834 1544 1080 1614 patrem
1133 1531 1333 1601 mitti,
1404 1530 1796 1588 innocentem
1859 1550 2012 1588 vero

312 1625 717 1697 chitpertam
761 1622 994 1701 Regem
1037 1616 1230 1677 oculis
1282 1616 1490 1676 orbari
1544 1615 1717 1698 jussit
1734 1642 1750 1693 3
1817 1629 2013 1699 utque

313 1732 375 1770 se
429 1712 488 1766 in
534 1728 727 1789 regno
774 1706 1086 1779 firmaret,
1146 1706 1434 1766 Romano
1488 1703 1778 1765 Pontifici
1817 1707 2013 1783 Alpes

325 1800 568 1856 Cottius
631 1795 900 1853 donavit.
969 1793 1086 1852 Ast
1130 1792 1282 1851 dum
1330 1793 1409 1853 ab
1454 1797 1842 1869 Asparando
1893 1796 2016 1854 Bo-

315 1883 660 1971 joariorum
694 1881 936 1941 auxiliis
962 1894 1467 1962 oppugnaretur,
1501 1882 1839 1964 fugamque
1867 1902 2040 1942 cum—

314 1977 436 2035 suis
480 1971 777 2032 thesauris
829 1968 905 2028 ad
946 1966 1183 2028 Galliae
1224 1990 1437 2052 regem
1478 1968 1847 2045 moliretur,
1894 1968 2012 2028 flu·-

316 2065 401 2123 vii
452 2059 728 2121 Thessini
793 2061 968 2140 aquis
1024 2078 1263 2117 mersus
1330 2060 1548 2142 periit3
1618 2072 1682 2119 et
1748 2079 2012 2141 regnum

317 2153 733 2227 Asparandas
772 2148 1079 2218 obtinuit,
1125 2147 1225 2204 cui
1266 2159 1404 2229 post
1442 2160 1567 2206 tres
1610 2166 1802 2205 annos
1844 2166 2015 2205 mor-

318 2256 460 2312 tu0,
508 2261 601 2296 an.
654 2236 794 2316 715.
843 2235 1128 2295 successit
1170 2232 1329 2294 filius
1370 2236 1852 2310 Luitprandas,
1900 2234 2015 2316 qui

316 2330 516 2389 occiso
552 2327 937 2385 Graecorum
990 2316 1275 2383 Praeside
1311 2320 1806 2396 Ravennatensi,
1867 2344 2017 2382 mox

318 2414 762 2488 Exarchatum‚
827 2416 891 2471 in
945 2414 1270 2470 Dzzcatam
1324 2414 1626 2486 mutavit,
1674 2413 1858 2493 eique
1902 2431 2014 2470 nes·

319 2519 529 2589 potem
567 2504 1064 2560 ffllclebranclzcm
1103 2499 1442 2586 praefecit,
1490 2503 1597 2582 qui
1642 2500 1825 2584 paulo
1869 2512 2010 2582 post

316 2621 350 2654 a
397 2594 651 2653 Venetis
701 2593 1064 2652 Ravennam
1113 2587 1652 2672 expugnantibus,
1722 2590 2006 2671 captivus

315 2683 619 2741 abductus
660 2694 764 2748 est,
811 2685 1056 2740 Interea
1093 2682 1533 2754 Laitpranclzcs
1563 2697 1653 2735 an,
1693 2696 1835 2759 729.
1880 2676 2009 2735 Ro·-

318 2793 479 2829 matn
513 2788 656 2829 ‘cum
700 2770 977 2829 exercitu
1016 2787 1357 2848 properans
1384 2809 1399 2837 ‚
1449 2765 1801 2846 eloquentia
1845 2765 2009 2821 Pon-

318 2858 513 2920 tifici&
549 2871 750 2916 motus
790 2856 966 2917 Urbe
1018 2860 1246 2916 intacta
1297 2854 1544 2928 relicta,
1605 2850 1863 2911 domum
1906 2872 2006 2908 re-

1666 2961 1921 3011 verSUS,

390 3117 460 3187 a)
500 3118 667 3172 Idem.
713 3115 776 3172 L.
813 3113 863 3173 6.
904 3136 950 3174 ο.
993 3110 1080 3169 17.
