2097 3726
409 199 530 260 252
555 199 777 256 Status
802 193 1383 277 Retlgioni.3.Seczclo
1407 199 1519 254 VI.
1553 198 1704 254 VII.
1725 211 1785 255 et
1809 198 1999 257 VIII.

312 378 385 432 In
466 374 802 430 Occidente.
901 370 1167 454 Magnae
1233 372 1373 433 illae
1429 373 1806 432 mutationes
1861 381 2000 454 post

315 481 596 520 eversum
628 483 742 543 per
787 460 1134 519 odoacrum
1167 464 1416 539 Rugum
1462 457 1840 521 occidentale
1871 463 1998 517 Im-

311 551 593 632 perium,
654 547 1060 607 funestissima
1108 563 1388 632 tempora
1434 547 1823 608 induxerunt
1867 570 1996 605 non

311 649 551 694 tantum
607 635 813 718 quoad
885 635 1126 696 Statum
1198 638 1522 721 politicum
1596 638 1963 717 Regnorum
1980 654 2010 707 '5

312 723 416 784 sed
488 726 672 783 etiam
719 722 928 807 quoad
989 726 1229 784 Statum
1288 725 1627 805 Religionis
1698 723 2002 783 Ecclesiae

309 813 660 883 Romanae,
744 835 890 871 nam
952 815 1276 874 universus
1331 812 1712 873 Christianus
1770 812 2003 886 Orbis,

310 900 424 958 sub
485 898 944 961 haereticorum
995 903 1358 983 Principum
1439 900 1714 962 dominio
1776 901 2008 959 consti-

310 999 516 1062 tutus,
556 987 829 1048 ‘nullum
868 989 1048 1071 plane
1093 990 1497 1050 Orthodoxae
1546 990 1860 1071 Religioni
1915 1009 2008 1047 as-

310 1077 533 1136 seclam
575 1078 847 1158 Regem,
894 1076 1080 1135 alicui
1121 1076 1336 1138 saltem
1373 1100 1601 1161 parvae
1641 1078 2004 1162 provinciae

312 1164 736 1226 dominantem
790 1162 1022 1223 habuit.
1124 1166 1285 1225 Nam
1331 1166 1658 1227 interfecto
1727 1170 2007 1225 Odocccro

310 1276 410 1310 an.
461 1256 601 1335 495.
655 1254 943 1312 successit
988 1255 1448 1336 potentissimus
1485 1252 2007 1336 ostrogothorum

308 1343 447 1400 Rex
492 1345 932 1416 Theodericum,
980 1345 1089 1423 qui
1123 1342 1402 1416 Italiam,
1453 1342 1757 1417 Siciliam,
1806 1339 2009 1401 Rhae-

312 1432 495 1499 tiam,
544 1431 879 1503 Noricum,
941 1430 1340 1504 Dalmatiam,
1389 1432 1753 1513 vicinasque
1803 1431 2009 1511 regio-

312 1540 451 1593 neS,
497 1532 566 1575 ut
601 1519 874 1577 Arianus
911 1521 1270 1602 occupavit,
1309 1521 1578 1577 Galliam
1615 1518 2013 1602 Burgundio-0

311 1628 419 1665 nes
459 1618 519 1665 et
550 1604 739 1664 Gothi
777 1606 1034 1681 Ariani,
1106 1610 1250 1667 item
1289 1608 1510 1666 Franci
1563 1605 1762 1666 adhuc
1812 1608 2012 1688 genti-

315 1692 403 1753 les
443 1695 653 1776 partiti
697 1707 854 1752 sunt.
904 1697 1229 1770 fflspania
1268 1699 1504 1778 pariter
1544 1693 1780 1755 Gothos
1824 1694 2008 1752 Aria-

315 1803 426 1841 nos
450 1780 730 1840 dominos
768 1780 1162 1862 patiebatur,
1203 1788 1432 1859 Africa
1466 1784 1775 1843 Vandalos
1811 1803 2011 1864 aeque

316 1869 619 1940 Arianos,
656 1869 973 1928 Orientale
1011 1891 1170 1930 vero
1213 1874 1575 1930 universum
1624 1872 1966 1954 Imperium
1991 1915 2007 1943 ,

318 1961 620 2016 Zenonem
687 1954 1140 2037 Eutycliianum
1196 1956 1597 2025 haereticum,
1647 1961 1703 2017 A
1782 1959 2009 2040 quibus

318 2046 606 2104 omnibus
633 2089 648 2117 ,
698 2047 999 2127 imprimis
1036 2061 1246 2106 autem
1293 2050 1357 2105 in
1399 2046 1612 2105 Africa
1648 2048 1727 2106 ab
1772 2050 2012 2105 Hieme-

321 2138 451 2192 rico
513 2134 752 2192 Ariano
814 2133 1240 2194 Vandalorum
1308 2154 1499 2216 rege,
1589 2134 2011 2194 crudelissima

319 2223 667 2306 persecutio
721 2224 784 2278 in
839 2220 1236 2283 Orthodoxos
1287 2224 1406 2282 fuit
1455 2238 1771 2305 suscepta,
1836 2220 2012 2303 cujus

323 2313 500 2369 initio
561 2311 926 2392 quicunque
997 2313 1059 2368 in
1142 2312 1373 2371 Palatio
1437 2312 1823 2384 militarent,
1906 2323 2012 2369 aut

322 2399 585 2482 puhlicis
626 2397 1034 2479 fungerentur
1077 2402 1318 2473 officiiS‚
1360 2397 1503 2479 jussi
1541 2413 1687 2458 sunt
1709 2399 2009 2458 Arianam

319 2489 696 2568 impietatem
733 2486 1034 2568 profiteri.
1075 2487 1315 2549 Deinde
1345 2490 1665 2569 inquisitio
1707 2488 1770 2546 in
1803 2507 2010 2546 mores

323 2572 781 2635 Catholicorum
841 2577 1335 2659 Episcoporum,
1400 2576 1745 2637 dirissimae
1807 2597 2008 2657 quae-

320 2667 547 2724 stiones
579 2662 823 2724 habitae
857 2663 932 2723 de
978 2664 1190 2726 velatis
1228 2665 1609 2749 virginibus,
1679 2665 1854 2747 quasi
1895 2665 2012 2723 im-

320 2751 544 2836 pudice
598 2774 737 2810 cum
786 2752 1206 2814 sacerdotibus
1272 2776 1453 2836 agere
1508 2754 2006 2816 consvevissent:

324 2863 522 2924 quum
559 2862 711 2900 vero
753 2840 904 2901 nihil
946 2843 1273 2902 inventum
1320 2842 1570 2913 fuisset,
1632 2854 1849 2924 aperto
1908 2837 2007 2898 fu·-

323 2951 467 2989 rore
505 2930 679 2989 virus
718 2928 1103 3006 effuderunt,
1149 2930 1359 2991 traditi
1392 2950 1615 3012 nempe
1647 2942 1792 2987 sunt
1824 2926 2009 2986 Chri-

321 3019 507 3078 stiani
565 3018 805 3079 Mauris
858 3020 922 3081 in
969 3018 1292 3082 desertum
1346 3015 1665 3095 trahendi3
1730 3037 1808 3076 ex
1863 3017 2009 3099 Epi-

1685 3124 1923 3187 scopm,
