2097 3726
335 218 415 276 42
786 208 1385 266 Historia

249 391 389 449 535.
435 386 646 446 aetatis
688 404 830 444 suae
873 407 1035 444 anno
1078 382 1175 442 26.
1222 383 1347 443 dux
1388 385 1793 460 constitutus,
1846 388 1944 444 in·-

244 492 339 536 tra
386 476 712 535 biennium
769 474 938 532 omni
979 474 1278 556 Hispania
1334 494 1493 555 quae
1552 474 1638 531 cis
1685 473 1945 533 Iberum

246 589 315 625 e1
319 578 380 622 ‘lt
418 576 705 645 paccata,
764 583 913 621 mox
954 564 1307 639 Saguntum
1352 563 1614 618 amicam
1654 560 1943 621 Romano

244 652 479 736 populo
522 650 767 710 Urbem
808 673 857 708 a.
911 650 987 707 U.
1057 651 1202 708 555.
1242 648 1506 709 delevit:
1556 650 1646 729 a)
1687 672 1814 731 quo
1865 671 1944 709 ex

243 741 403 800 facto
462 738 794 799 conflatum
853 752 943 799 est
988 736 1224 796 bellum
1278 739 1357 797 ΙΙ.
1406 740 1747 813 Punicum,
1817 760 1948 820 quo

242 831 511 888 Bommi
578 831 641 886 in
693 841 862 887 tanta
915 823 1273 885 inciderunt
1330 826 1641 909 pericula,
1715 841 1951 908 quanta-

244 940 570 998 nunquam
623 930 803 976 antea
854 915 1192 975 subierant.
1242 916 1520 974 Annibal
1575 917 1742 976 enim
1794 916 1947 973 Car-

246 1004 701 1086 thaginensium
748 1004 912 1076 dux,
978 1005 1332 1061 Asdrubale
1378 1002 1577 1063 fratre
1639 1024 1780 1061 cum
1838 1025 1949 1062 ex-

246 1098 475 1155 ercitus
518 1108 692 1176 parte
736 1095 798 1150 in
852 1093 1151 1173 Hispania
1194 1091 1448 1165 relicto,
1496 1091 1804 1175 stupendo
1848 1093 1950 1150 iti-

244 1206 394 1243 nere
439 1206 554 1266 per
602 1181 794 1264 Alpes
849 1183 1017 1238 viam
1075 1178 1192 1238 sibi
1249 1182 1532 1239 muniens
1583 1183 1821 1262 primus
1884 1182 1949 1239 in

246 1271 489 1332 Italiam
535 1269 883 1354 profectUS,
928 1270 1357 1327 Romanorum
1405 1270 1750 1328 exercitum
1798 1291 1951 1349 qua-

248 1376 390 1420 tuor
427 1358 941 1419 memorabilibus
976 1355 1223 1441 praeliis
1264 1359 1325 1413 in
1355 1359 1603 1416 miseras
1633 1359 1950 1438 angustias

250 1448 511 1531 redigit3
562 1446 882 1530 etquidem
918 1447 963 1504 I.
1017 1443 1093 1503 ad
1135 1448 1420 1502 Ticinum
1458 1444 1576 1503 sibi
1612 1466 1952 1504 occurren-

246 1553 372 1600 tem
434 1540 780 1596 Corneliam
827 1537 1170 1612 Scipionem
1220 1532 1597 1616 profligavit.
1653 1534 1731 1591 ΙΙ.
1781 1535 1954 1591 Sem-

240 1628 532 1704 pronimn
573 1623 649 1683 ad
689 1625 976 1682 Trebiam
1007 1623 1176 1680 vicit.
1223 1623 1335 1681 ΙΙΙ.
1369 1621 1470 1679 Ad
1508 1621 1708 1680 lacum
1744 1624 1953 1679 Thra-

248 1737 566 1792 symennm
607 1712 921 1773 deteriore
954 1712 1128 1771 exitu
1161 1712 1547 1768 Flaminiam
1583 1732 1725 1769 cum
1771 1732 1955 1770 exer-

248 1806 376 1862 citu
408 1801 771 1863 debellavit.
820 1800 896 1880 b)
943 1801 1082 1871 Quo
1119 1799 1181 1856 in
1214 1798 1496 1881 periculo
1524 1800 1758 1857 Fabius
1801 1801 1955 1856 stla-

248 1896 453 1952 ximus
501 1892 788 1951 Dictator
835 1901 1107 1961 creatus,
1154 1883 1394 1946 hostem
1449 1889 1730 1946 victoriis
1778 1885 1954 1946 exul-

250 1994 487 2042 tantem
555 1976 904 2039 cunctando
974 1977 1327 2058 reprimere
1395 1977 1694 2051 instituit,
1785 1972 1955 2034 unde

251 2072 441 2132 etiam
498 2070 840 2127 Cunctator
871 2064 1236 2148 appellatur.
1297 2064 1369 2142 c)
1416 2065 1711 2123 Omnium
1746 2079 1952 2123 tamen

250 2158 631 2218 atrocissima
681 2155 802 2215 fuit
851 2154 959 2214 IV.
1007 2151 1209 2212 clades
1258 2151 1332 2210 ad
1387 2154 1638 2210 Cannas
1683 2151 1953 2235 Apuliae

251 2250 498 2322 vicum,
566 2268 616 2305 a.
657 2247 736 2312 U,
776 2244 921 2309 558,
968 2264 1092 2325 qua
1122 2239 1297 2300 clade
1347 2243 1631 2299 Terentii
1674 2242 1952 2299 Varonis

250 2337 603 2396 temeritate
653 2334 1021 2406 eveniente3
1104 2329 1259 2389 adeo
1332 2331 1711 2389 consternati
1775 2341 1954 2390 erant

250 2425 553 2497 Romani,
599 2434 669 2481 ut
704 2419 941 2504 epulari
989 2421 1153 2478 intra
1194 2420 1485 2499 quintum
1529 2417 1696 2478 diem
1734 2419 1794 2475 in
1840 2419 1954 2475 Ca·-

253 2512 470 2596 pitolio
520 2511 823 2596 potuisset
868 2509 1179 2583 Annibal,
1260 2508 1311 2566 si
1365 2508 1451 2565 ita
1504 2509 1597 2566 uti
1650 2507 1953 2579 victoria,

1782 2615 1858 2653 sl-

323 2775 395 2837 a)
437 2769 636 2839 Polyb.
673 2767 740 2824 L.
776 2766 829 2820 3.
868 2766 1033 2821 c.16.
1078 2766 1159 2820 17.
1198 2766 1318 2819 Li..v
1357 2766 1519 2819 aliter
1556 2784 1724 2817 annos
1762 2763 1951 2818 refert.

390 2843 452 2895 L
493 2841 578 2894 21.
618 2859 663 2891 e.
704 2837 751 2890 7.
790 2855 939 2908 seqq.
985 2839 1132 2890 Flor.
1171 2839 1232 2890 L.
1272 2837 1322 2890 2.
1363 2858 1412 2894 c.
1450 2838 1499 2889 6.
1552 2835 1621 2907 b)
1673 2835 1757 2888 Ad
1796 2835 1952 2887 'lici-

393 2931 545 2964 nuni.
590 2910 710 2962 Liv.
752 2909 816 2964 L.
853 2908 938 2960 21.
979 2929 1024 2960 ο.
1063 2908 1147 2961 40.
1187 2926 1339 2978 seqq.
1380 2908 1465 2960 Ad
1505 2906 1783 2958 Trebi-nn.
1831 2907 1950 2961 Liv.

395 2984 455 3034 L.
494 2981 579 3034 21.
625 2999 669 3030 ο.
722 2978 808 3032 53.
859 2997 1011 3050 seqq.
1052 2978 1135 3031 Ad
1189 2978 1327 3029 Thi
1307 2995 1652 3085 1symenum
1708 2975 1824 3027 Liv.
1886 2977 1952 3027 Ι.

394 3051 475 3103 22
520 3072 564 3103 c.
605 3048 654 3101 4.
696 3049 746 3106 5.
788 3049 836 3102 6.
896 3053 966 3121 c)
1023 3049 1165 3102 Flor.
1207 3050 1264 3099 L
1397 3067 1439 3099 c.
1494 3046 1542 3098 6.
1584 3045 1856 3098 Plutmch.
1896 3047 1951 3097 in

394 3122 503 3174 wita
542 3121 710 3173 Fabii.
