2097 3726
0 0 32 309 l

601 191 1391 246 Romanorum.
1610 188 1725 253 115

97 365 262 426 libus
320 365 703 439 faventibus,
761 365 924 421 intra
963 364 1156 444 ipsam
1200 359 1445 421 Urbem
1485 374 1582 420 ter
1626 384 1808 446 repe-

93 462 210 516 tito
247 453 484 540 praelio
517 457 753 526 victus,
801 453 881 531 a)
917 462 1172 535 captuS,
1220 449 1623 532 religatisque
1667 467 1807 535 post

93 560 344 628 tergum
389 542 672 602 manibus
696 587 712 616 ,
749 561 892 600 cum
926 539 1235 600 dedecore
1273 561 1387 622 per
1427 542 1670 599 Urbem
1709 563 1803 601 se·-

89 633 382 694 minudus
424 644 689 705 tractus,
747 628 999 689 tandem
1044 625 1358 711 jugulatus
1399 641 1462 687 et
1503 629 1562 686 in
1613 629 1804 689 Tibe-

18 747 21 753 ’
89 725 211 781 rim
248 720 686 806 praecipitatus
726 717 862 777 fuit.
900 719 972 798 b)
1010 751 1095 760 —-
1138 719 1262 777 Pro
1303 716 1523 775 morali
1568 716 1806 778 doctri-

88 813 192 870 na!
260 813 368 870 vix
421 809 630 888 aliqua
679 821 841 867 aetas
888 809 1079 888 magis
1129 803 1399 865 ostendit
1442 807 1500 862 in
1552 829 1799 868 summo

86 900 275 959 Orbis
332 911 646 956 terrarum
708 897 978 979 imperio
1030 895 1432 977 fragilitatem
1482 893 1795 956 felicitatis

84 984 385 1046 humanae
414 1008 424 1044 :
469 999 742 1067 quatuor
778 988 945 1045 enim
981 985 1398 1071 Imperatores
1424 985 1588 1041 int-ra
1617 985 1796 1044 bien-

13 1114 15 1117 <
84 1078 262 1135 nium
299 1097 414 1159 per
457 1072 801 1133 ludibrium
842 1076 1183 1158 perierunt.

261 1187 316 1247 9.
401 1166 833 1238 Vespasianus
879 1165 1156 1221 Flavius.
1204 1163 1521 1227 Exstincta
1562 1161 1622 1218 in
1662 1165 1790 1220 Ne-

3 1283 12 1334 ς1
80 1274 226 1310 rone
267 1255 600 1313 Caesarum
636 1253 866 1336 stirpe,
907 1250 1328 1334 sublatisque,
1371 1262 1442 1309 ut
1489 1248 1782 1324 vidimus,

0 1324 11 1389 A

0 1492 9 1530 ᾗ

0 1650 7 1698 l*

79 1340 284 1400 tribus
321 1341 612 1401 violentis
658 1339 1089 1422 Principibus,
1154 1341 1491 1424 imperium
1553 1336 1631 1397 ad
1671 1339 1793 1396 Fa-

0 1433 10 1481 ¹2
76 1429 309 1489 miliam
353 1433 645 1491 Flauiam
695 1427 1061 1490 devolutum
1102 1441 1193 1488 est
1251 1431 1330 1509 c)
1378 1430 1441 1486 in
1491 1430 1562 1483 V
1556 1432 1793 1502 espasc'-

0 1538 9 1603 ξς
75 1522 234 1594 ὰηο,
294 1522 402 1601 qui
446 1517 569 1600 jam
626 1518 745 1578 sub
782 1522 1031 1575 ZVerone
1077 1540 1109 1574 a
1161 1517 1395 1576 bellicis
1441 1515 1616 1573 factis
1665 1515 1789 1574 cla-

0 1607 7 1663 l
70 1629 198 1681 rus,
236 1606 313 1666 ad
348 1609 655 1690 pacandos
682 1608 719 1665 J
726 1605 1173 1666 udaeaemotus
1204 1627 1347 1664 cum
1375 1602 1579 1662 valido
1604 1626 1787 1663 exer-

0 1705 6 1769 ,ἢ
70 1698 199 1755 citu
243 1700 460 1756 missus
479 1742 495 1772 ,
555 1696 750 1755 multa
809 1693 1131 1777 praeclara
1189 1696 1377 1752 armis
1418 1706 1480 1753 et
1520 1693 1780 1754 consilio

71 1787 236 1867 egit3
289 1808 488 1868 quare
536 1787 719 1846 etiam
773 1787 1021 1842 Nerone
1075 1797 1366 1857 mortuo,
1430 1785 1783 1866 Imperator

68 1874 149 1933 ah
209 1877 491 1935 exercitu
547 1896 662 1934 suo
718 1888 1000 1946 creatus,
1070 1871 1156 1951 cl)
1226 1894 1372 1931 mox
1433 1874 1782 1932 exercitum

0 1984 2 2043 J
66 1984 210 2023 cum
245 1962 408 2023 bello
436 2008 452 2036 ,
519 1961 645 2022 filio
686 1986 796 2022 suo
860 1966 1001 2021 Tito
1037 1962 1407 2044 consignans
1436 2006 1450 2033 ,
1511 1962 1780 2020 Romam

66 2051 144 2112 ad
171 2052 528 2114 sumendam
571 2073 868 2113 coronam
904 2052 1310 2134 properavit,-
1360 2050 1479 2109 Vir
1515 2048 1777 2131 quidem

32 2138 234 2200 ,haud
292 2139 617 2225 splendido
676 2155 998 2202 stemmate
1061 2151 1279 2210 uatuS,
1349 2136 1455 2198 sed
1506 2141 1670 2198 mitis
1714 2151 1776 2199 et

67 2229 327 2288 affabilis
359 2275 374 2301 ,
438 2233 874 2314 virtutumque
918 2232 1194 2308 Augusti
1250 2229 1563 2302 imitator,
1636 2240 1775 2285 tan-

66 2333 164 2377 tae
214 2319 574 2378 clementiae
630 2334 799 2393 erat,
867 2332 938 2379 ut
994 2318 1164 2401 justis
1211 2319 1394 2376 etiam
1454 2314 1775 2399 suppliciis

66 2407 457 2488 ingemuerit.
542 2408 627 2465 Ea
685 2422 890 2467 tamen
944 2406 1316 2465 miraculosa
1375 2419 1539 2477 acta,
1612 2427 1772 2487 quae

72 2499 331 2554 Tacitus
398 2492 475 2571 e)
523 2508 1012 2567 commemorat,
1070 2495 1392 2577 ‘imprimis
1453 2495 1771 2570 Apollonii

868 2580 971 2642 112
1556 2585 1680 2658 Ty-

133 2705 234 2827 a)l›
247 2704 607 2848 {affigat-aff.
637 2704 703 2829 2}
731 2702 897 2827 fiis?
927 2702 985 2826 ξ]
1017 2701 1540 2841 {iiLssoiihiiiiiuia'Ji
1566 2701 1762 2826 ὅῖυὲἒζ

201 2847 265 2898 L.
312 2846 395 2899 65.
452 2844 518 2917 c)
570 2846 794 2898 Sveton.
846 2844 902 2894 in
940 2844 1162 2912 vespas,
1216 2861 1263 2897 c.
1301 2839 1353 2896 1.
1401 2839 1579 2898 Tacit.
1618 2841 1756 2895 Hist.

201 2916 265 2968 L.
308 2915 357 2968 3.
412 2916 463 2969 4.
515 2916 564 2968 5.
619 2915 689 2984 d)
744 2913 914 2967 Idem.
967 2915 1031 2969 L.
1068 2912 1118 2966 3.
1172 2931 1217 2961 c.
1266 2909 1316 2961 4.
1357 2910 1583 2967 Sveton.
1626 2930 1671 2962 c.
1705 2912 1755 2965 6.

198 2986 418 3055 Xiphil.
467 3005 533 3038 ex
570 2987 760 3038 Dione.
813 2986 874 3036 L.
923 2983 1010 3034 66.
1071 2981 1133 3051 e)
1190 2980 1367 3032 Tacit.
1419 2981 1558 3037 Hist.
1613 2982 1672 3033 L.
1709 2981 1753 3033 1.

201 3056 420 3108 Svcton.
481 3059 538 3110 in
589 3058 808 3128 Vespa&
864 3075 907 3106 e.
955 3053 1002 3111 7.
1055 3053 1208 3104 Vossz.
1251 3051 1318 3103 de
1366 3051 1506 3108 Hist.
1559 3052 1759 3105 Graeca

202 3126 303 3184 fol.
350 3126 462 3181 168.
