2097 3726
534 121 816 178 Romano
859 116 1237 175 Graecanici.
1347 173 1349 176 Α
1524 111 1644 171 301

44 307 310 368 xerunt,
376 295 486 376 qui
550 314 697 352 mox
756 310 1044 351 reversus
1099 286 1346 349 Urbem
1406 288 1735 361 obtinenS,

43 386 405 442 ,Artemitam
448 386 512 440 in
558 379 932 440 Monachum
998 377 1268 436 totondit
1319 377 1566 436 demum
1623 377 1742 433 im-

45 477 292 555 perium
327 472 754 543 alfectantem,
804 489 917 551 per
957 468 1226 524 Leonem
1273 466 1494 526 ducem
1540 462 1741 524 occidi

44 574 237 645 Jusslt.

239 649 607 706 Theodosias
646 646 773 702 III.
822 643 930 701 vix
974 642 1321 725 Imperium
1348 665 1441 699 an.
1472 643 1611 701 714.
1647 661 1743 699 as-

46 740 301 808 sumsit,
353 756 501 794 mox
560 733 888 793 insolentes
934 732 1159 791 milites
1206 734 1476 788 Leonem
1521 729 1743 788 ducem

47 828 498 905 Imperatorem
539 822 997 893 acclamarunt,
1061 823 1169 901 qui
1224 823 1410 879 etiam
1477 822 1745 876 Leonem

51 917 270 973 timens
299 958 314 986 ,
373 912 455 990 a)
502 911 772 971 secundo
835 931 1035 983 anno,
1092 911 1359 991 imperio
1408 906 1691 989 deposito
1727 949 1744 978 ,

49 1024 176 1061 sese
218 1004 281 1059 in
316 999 598 1059 Claustro
648 997 1014 1070 abscondit,
1063 1019 1205 1057 cum
1250 996 1580 1078 Symbolo:
1620 997 1745 1054 Pct-

52 1092 277 1148 tc'enticz
337 1093 675 1146 remedc‘mn
725 1092 1047 1144 maloram.

225 1180 354 1236 Leo
409 1179 536 1234 III.
602 1180 854 1236 natione
920 1176 1203 1250 lsaurus,
1272 1175 1502 1232 sutoris
1547 1171 1743 1248 filius,

51 1288 185 1326 rem
218 1266 507 1325 bellicam
563 1278 812 1325 strenue
864 1286 1118 1347 gerenS,
1181 1286 1215 1321 a
1281 1262 1583 1321 militibus
1628 1266 1750 1321 Im-

53 1369 304 1438 perator
359 1369 636 1429 creatus,
697 1353 892 1412 silium
956 1355 1431 1410 Constantinum
1480 1373 1550 1410 ex
1598 1354 1749 1408 flla-

50 1447 155 1501 νία
204 1445 419 1503 Uxore
478 1445 758 1525 suscepit.
853 1443 1005 1500 Mox
1051 1463 1084 1498 a
1141 1441 1361 1498 Turcis
1399 1438 1754 1512 infestatus,

57 1535 168 1613 qui
210 1543 304 1591 ter
346 1532 516 1592 mille
583 1531 845 1589 navibus
899 1529 1458 1609 Constantinoplim
1511 1526 1760 1586 obside-

53 1635 236 1679 runt.
283 1624 551 1679 maxima
605 1622 840 1678 virtute
896 1639 1027 1676 eam
1065 1614 1371 1689 defendit,
1404 1638 1543 1673 nam
1588 1615 1756 1674 Clas-

51 1710 130 1768 sis
189 1709 542 1767 Turcarum
605 1707 754 1766 adeo
822 1704 1136 1765 confracta
1200 1718 1288 1764 est
1327 1748 1343 1778 ,
1402 1717 1474 1763 ut
1525 1707 1631 1761 vix
1696 1703 1751 1762 5.

51 1819 239 1856 naves
303 1798 639 1869 evaserint,
699 1798 764 1852 in
819 1796 1163 1854 continenti
1217 1815 1371 1853 vero
1415 1798 1515 1857 22.
1562 1791 1756 1851 millia

54 1885 409 1945 Turcorum
469 1907 638 1944 caesa
691 1883 873 1943 fuisse
933 1881 1391 1967 perhibentur,
1438 1881 1569 1940 aliis
1615 1881 1756 1964 plu-

53 1976 228 2034 rimis
293 1988 468 2058 peste
520 1974 916 2055 consumptis.
1012 1974 1173 2045 Quia
1228 1992 1382 2031 vero
1446 1972 1502 2030 ei
1556 1969 1756 2029 adhuc

54 2085 178 2144 qua
233 2065 519 2145 gregario
553 2061 942 2146 praedictum
983 2075 1138 2120 esset
1187 2059 1266 2118 ab
1315 2058 1551 2118 Judaeo
1597 2069 1758 2141 quo-

60 2150 237 2225 dam,
284 2173 347 2212 se
406 2155 857 2234 Imperatorem
891 2148 1212 2223 futurum,
1262 2170 1428 2207 nunc
1468 2170 1591 2230 qua
1630 2148 1758 2205 Im·-

60 2252 351 2321 perator,
400 2240 477 2297 ab
536 2239 750 2299 eodem
811 2237 1045 2297 Judaeo
1102 2259 1328 2296 novam
1381 2236 1760 2320 praedictio-

59 2349 204 2386 nem
243 2326 513 2398 audivit‚
552 2347 776 2407 nempe
811 2347 873 2385 se
911 2330 1228 2384 victurum
1273 2341 1523 2385 centum
1567 2326 1760 2397 anniS,

55 2418 107 2475 si
148 2436 359 2473 omnes
396 2412 856 2473 Catholicorum
892 2416 1186 2494 imagines
1228 2414 1558 2498 dejecerit,
1595 2415 1758 2485 Qui-

59 2505 180 2564 bus
218 2502 393 2562 dictis
442 2506 571 2561 Leo
617 2500 908 2575 credens,
941 2503 1298 2583 gravissime
1336 2505 1399 2562 in
1434 2505 1565 2585 pias
1605 2504 1758 2561 ima-

62 2594 265 2674 gines,
314 2613 660 2672 eorumque
704 2590 986 2649 Cultores
1023 2586 1372 2651 Chrisianos
1423 2590 1755 2666 desaeviit3

61 2702 257 2762 quare
299 2703 333 2737 a
371 2682 671 2757 Gregorio
715 2680 802 2736 II.
842 2680 1016 2737 Pont.
1059 2676 1467 2738 Anathemata
1510 2699 1765 2762 percus-

65 2790 169 2827 sus
224 2783 348 2843 est,
413 2791 540 2852 quo
580 2783 784 2828 tamen
835 2788 960 2826 non
997 2765 1320 2843 obstante,
1381 2789 1470 2833 12·
1519 2765 1758 2826 Biblio-

1372 2852 1677 2916 thecarios

134 3028 212 3101 a)
252 3031 490 3084 Zonaras
525 3029 660 3084 ibid.
709 3049 753 3084 c.
797 3026 880 3083 28.
919 3027 1246 3104 Theophan.
1279 3039 1332 3084 et
1366 3028 1600 3102 Niceph.
1632 3025 1766 3082 ibid.
