2097 3726
371 235 404 272 2
417 237 446 292 7
457 235 494 272 ο
838 213 1136 269 Ηὶείοηὶι
1181 213 1444 286 Imperii

276 388 847 470 Constantinopolis
909 385 1201 447 horribili
1264 388 1552 449 incendio
1612 387 1697 467 a)
1749 389 1979 449 confla-

278 494 471 561 grata,
542 477 826 559 Amplius
869 476 1070 534 adhuc
1126 477 1407 537 turbavit
1455 480 1797 560 imperium
1851 479 1987 535 Ast-

276 570 580 627 clabarias
624 569 894 642 Aspar-'is
933 565 1097 625 filius
1147 565 1267 647 jam
1311 569 1534 627 Caesar
1572 569 1981 641 constitutus,

279 660 392 740 qui
430 659 489 715 in
531 657 721 715 vitam
769 658 999 713 Leonis
1035 658 1481 737 conspirarunt
1513 654 1818 715 dicentes:
1884 660 1989 714 cle-

280 768 564 804 voremus
611 769 720 803 nos
774 748 1045 804 Leonem
1065 748 1293 818 priua,
1357 768 1544 823 qaam
1595 749 1727 820 ipse
1769 748 1842 802 cle
1879 767 1988 802 no·-

279 839 369 893 bis
395 838 747 912 prandium
797 837 1077 890 instruat
1094 857 1120 905 ,-
1187 855 1343 914 quae
1395 836 1745 916 Imperator
1801 837 1990 893 resci-

273 947 380 986 ens
405 969 420 995 ,
468 925 682 983 ambos
723 922 916 981 laesae
955 921 1290 1002 Majestatis
1334 944 1472 981 reos
1504 925 1578 1004 b)
1621 921 1820 982 occidi
1860 921 1989 1003 jus-

272 1019 382 1088 sit3
432 1035 709 1094 quorum
734 1009 919 1070 caede
964 1007 1222 1082 Gothos,
1269 1013 1378 1091 qui
1421 1012 1536 1070 sub
1577 1016 1776 1069 Alam)
1823 1009 1982 1072 duce

273 1103 731 1173 militaverant,
779 1099 854 1158 ad
890 1098 1197 1157 funestam
1229 1098 1529 1160 Thraciae
1575 1101 1984 1161 rebellionem

272 1194 624 1276 permovit,
673 1213 833 1272 quae
870 1210 1091 1268 magna
1128 1189 1265 1244 auri
1308 1190 1370 1247 vi
1410 1211 1593 1270 aegre
1637 1191 1833 1271 sopita
1874 1204 1981 1250 est.

274 1280 519 1340 Bellum
541 1279 672 1339 fere
713 1280 1083 1337 continuum
1126 1273 1345 1335 habuit
1389 1298 1527 1336 cum
1561 1277 1856 1339 Vandalis
1892 1281 1988 1363 pi—

275 1372 461 1443 ratis,
524 1383 743 1428 contra
787 1388 945 1449 quos
994 1366 1239 1424 missam
1285 1369 1348 1423 in
1393 1366 1670 1425 Africam
1705 1382 1986 1426 sumtuo-

269 1461 572 1518 sissimam
603 1457 858 1516 classem
882 1500 896 1527 ,
951 1458 1324 1513 Genzericas
1356 1454 1574 1515 callide
1610 1459 1854 1516 exussit.
1904 1457 1979 1535 c)

271 1549 388 1608 His
426 1560 633 1607 tamen
679 1569 806 1603 non
850 1543 1272 1618 obstantibus,
1325 1548 1655 1604 attentavit
1704 1547 1981 1628 Imperi—

270 1660 379 1695 um
414 1634 796 1694 occidentale
829 1655 944 1715 per
970 1654 1108 1690 suos
1157 1632 1342 1693 duces
1392 1636 1813 1692 Marc-elimam
1850 1638 1984 1693 He-

269 1728 537 1784 racliam
576 1737 638 1782 et
685 1725 1070 1781 Basiliscum
1116 1742 1528 1805 recuperare:
1596 1737 1657 1782 et
1699 1721 1981 1783 Sardini-

271 1837 372 1873 am
407 1833 477 1872 ac
510 1810 821 1894 Tripolim
857 1812 1271 1890 recuperavit.
1320 1809 1596 1870 Tandem
1635 1833 1832 1892 quum
1882 1831 1976 1890 17.

270 1904 448 1962 annis
474 1923 711 1961 summa
755 1920 898 1958 cum
935 1895 1118 1957 laude
1157 1911 1472 1981 regnasset
1496 1944 1512 1974 ‚
1561 1902 1798 1958 ventris
1830 1922 1980 1981 pro-

255 1992 464 2053 fluvio
499 1991 836 2050 exstinctus
876 1999 999 2060 est,
1046 1986 1125 2065 d)
1172 2010 1266 2045 an.
1308 1989 1451 2065 474.
1489 2007 1842 2047 successore
1877 2010 1983 2048 re·-

268 2079 417 2140 licto
462 2081 671 2138 Leone
706 2075 779 2135 ΙΙ.
826 2096 1024 2159 puero
1060 2097 1139 2134 ex
1181 2074 1306 2134 filia
1349 2076 1644 2134 Ariadna
1683 2088 1745 2135 et
1783 2079 1979 2133 Zeno-

267 2192 344 2227 ne
374 2181 704 2250 nepotem,
752 2164 822 2243 e)
872 2166 979 2246 qui
1018 2167 1224 2245 primo
1259 2165 1519 2246 Imperii
1558 2186 1722 2222 anno
1747 2209 1762 2237 ,
1809 2187 1982 2223 mor-

267 2258 352 2317 bo
401 2258 783 2327 exstinctus,
833 2254 1179 2334 Imperium
1220 2255 1283 2311 in
1331 2266 1576 2335 patrem
1619 2274 1801 2314 suum
1851 2256 1977 2312 Ze·-

271 2368 490 2404 nonem
530 2342 860 2402 derivavit.

450 2437 614 2491 Zeno
653 2433 982 2488 Isauricus
1021 2432 1312 2511 ignavus,
1362 2430 1760 2513 impiissimus
1796 2440 1860 2488 et
1889 2425 1980 2488 ef-

269 2521 637 2582 faeminatus
687 2521 1017 2599 PrincepS‚
1083 2519 1292 2576 animo
1346 2531 1407 2578 et
1452 2540 1722 2601 corpore
1768 2514 1979 2576 desor-

267 2615 384 2670 mis
410 2657 424 2685 ,
488 2633 521 2668 a
572 2606 694 2668 fide
735 2607 812 2666 ad
852 2604 1269 2687 Eutychianos
1311 2605 1642 2681 deficiens,
1703 2605 1977 2677 cunctis),

1764 2714 1890 2752 uno

336 2872 408 2933 α)
450 2870 645 2937 Evagr.
696 2869 758 2921 L.
797 2868 851 2925 2.
903 2887 950 2926 ο.
995 2866 1081 2924 13.
1129 2885 1230 2938 per
1268 2866 1324 2922 4.
1373 2865 1488 2916 dies
1528 2861 1682 2920 arsit.
1723 2882 1812 2920 an.
1850 2861 1975 2921 464.

407 2939 641 3008 Niceph.
683 2941 743 2992 L.
788 2937 869 2990 15.
910 2958 953 2990 c.
990 2938 1076 2990 21.
1116 2938 1182 3001 b)
1224 2940 1418 3004 Evagr.
1458 2935 1520 2985 L.
1559 2933 1612 2989 2.
1652 2953 1701 2989 ο.
1736 2932 1821 2990 15.
1854 2952 1971 3004 seq.

409 3009 648 3077 Niceph.
691 3010 757 3065 L.
791 3007 876 3064 15.
927 3028 976 3059 c.
1011 3006 1096 3060 27.
1152 3012 1213 3071 c)
1255 3009 1486 3074 Procop.
1542 3005 1608 3058 L.
1647 3001 1693 3055 1.
1733 3004 1798 3056 de
1836 3006 1969 3058 bell.

409 3078 638 3131 Vandal.
695 3079 762 3145 cl)
816 3081 1013 3147 Evagr.
1068 3081 1129 3131 L.
1173 3078 1225 3132 2.
1281 3096 1329 3132 ο.
1373 3074 1452 3127 17.
1493 3073 1725 3142 Niceph.
1778 3076 1840 3130 L.
1880 3074 1970 3133 15.

411 3168 464 3207 c.
500 3148 587 3203 29.
625 3153 685 3209 e)
729 3148 890 3203 idem.
930 3147 1059 3203 ibid.
1099 3145 1255 3202 Paul.
1291 3146 1441 3199 Diae.
1483 3143 1545 3194 L.
1588 3141 1667 3197 16.
