2097 3726
486 186 1287 241 Romanorum.
1593 179 1672 239 65

41 366 171 422 tuta
210 361 443 419 Caesar
483 360 549 418 in
582 357 977 419 Provinciam
1019 354 1371 439 profectam,
1419 353 1750 416 Helvetios

38 453 292 510 vastatis
325 447 570 533 oppidis
609 448 793 521 vicit3
839 448 1232 503 Ariovistum
1277 445 1752 512 Germanorum

37 540 310 622 Regem,
357 536 592 596 Galliae
628 546 993 595 vexatorem
1036 532 1433 615 profligavit3
1486 533 1760 614 Aquita-

37 651 149 687 nos
189 643 251 688 et
298 627 513 709 Belgas
554 623 793 684 bellum
829 622 1152 683 molientes
1192 622 1457 704 subegit.
1562 623 1759 679 Cras-

36 739 144 774 sus
189 714 451 798 spoliato
494 712 731 795 templo
777 711 1388 792 Hierosolymitano,
1455 708 1753 769 adversus

39 802 299 864 Parthos
340 801 672 863 infeliciter
706 821 1024 884 pugnans,
1073 820 1236 858 anno
1278 801 1469 858 tertio
1521 801 1748 859 misere

36 914 180 951 cum
214 890 348 950 filio
388 902 450 951 et
489 887 716 973 majori
754 889 1070 950 exercitus
1109 888 1201 949 sui
1240 902 1421 971 parte
1463 887 1593 969 ipse
1632 890 1753 947 eti-

36 1004 137 1040 am
182 982 385 1063 periit.
454 979 537 1059 a)
601 980 741 1051 Quo
799 991 1086 1062 tempore
1135 979 1374 1038 Romae
1432 997 1630 1058 quum
1685 978 1751 1034 in

37 1070 322 1130 Comitiis
365 1068 575 1128 omnia
626 1070 1082 1141 miscerentur,
1167 1066 1600 1147 interregnum
1644 1064 1757 1124 diu

36 1172 434 1241 protractum
470 1171 595 1232 est,
642 1154 840 1217 donec
883 1154 1136 1215 tandem
1170 1156 1504 1231 Pompejas
1542 1152 1619 1211 ad
1659 1175 1753 1214 se·-

37 1248 308 1307 ditioncs
358 1245 643 1306 Urbanas
686 1242 1191 1328 comprimendas
1218 1287 1234 1318 ‚
1299 1264 1468 1303 novo
1508 1253 1569 1301 et
1610 1240 1753 1301 hac-

35 1348 214 1395 tenus
271 1334 551 1394 inaudito
603 1355 782 1394 more
840 1332 1071 1394 Consul
1125 1334 1258 1393 sine
1302 1331 1551 1415 Collega
1607 1352 1754 1391 cum

34 1423 367 1484 dictatoria
402 1436 708 1507 potestate
739 1437 984 1483 creatus
1017 1434 1207 1496 esset,
1241 1444 1290 1480 a.
1328 1421 1405 1478 U.
1448 1425 1589 1480 702.
1623 1441 1756 1500 quo

36 1514 101 1572 in
145 1512 521 1596 Magistratu
564 1511 761 1571 Urbis
807 1518 1016 1570 motus
1066 1512 1416 1592 composuit
1444 1553 1458 1581 ,
1505 1506 1758 1590 praefu-

36 1601 212 1683 itque
251 1599 500 1660 Judicio
526 1644 542 1675 ‚
605 1621 734 1683 quo
779 1601 941 1658 Milo
986 1609 1253 1680 propter
1292 1619 1510 1658 necem
1562 1598 1756 1654 Clodii

35 1689 228 1749 exilio
270 1691 592 1749 damnatus
637 1702 743 1748 est.
793 1688 1059 1747 Interim
1105 1688 1344 1745 Caesar
1381 1687 1444 1746 in
1481 1683 1756 1745 alterum.

36 1780 224 1838 etiam
260 1778 771 1862 quinquennium
793 1774 1164 1860 prolongata
1200 1776 1557 1858 provincia,
1597 1773 1746 1832 Gal-

34 1866 183 1925 liam
236 1869 515 1950 pacavit,
604 1876 668 1926 et
715 1866 1119 1926 Germaniam
1173 1865 1411 1948 magnis
1474 1861 1756 1922 cladibus

35 1957 312 2033 attrivit3
381 1956 464 2016 ob
502 1976 665 2037 quae
713 1957 939 2015 merita
974 1951 1141 2014 haud
1188 1952 1521 2015 difficulter
1565 1974 1600 2009 a
1643 1971 1758 2034 po-

36 2044 188 2128 pulo
240 2048 524 2106 Romano
561 2045 929 2127 impetravit
954 2090 970 2120 ‚
1028 2055 1101 2103 ut
1142 2044 1208 2101 in
1246 2043 1553 2126 petitione
1591 2041 1758 2100 Con-

33 2132 266 2192 sulatus
317 2133 590 2194 absentis
630 2131 763 2217 ejus
817 2135 980 2194 ratio
1026 2128 1388 2192 haberetur.
1445 2167 1531 2178 --
1586 2129 1756 2189 Inte—

35 2223 162 2280 rim
204 2224 421 2282 ,Iuliae
468 2224 764 2281 Caesaris
800 2221 961 2283 filiae
985 2268 1002 2298 ,
1051 2219 1206 2280 dum
1245 2222 1584 2297 Pompejas
1615 2239 1754 2278 rem

39 2312 106 2369 in
141 2311 463 2370 Britannia
497 2325 766 2393 gereret,
811 2333 1003 2387 mors,
1038 2312 1432 2383 affinitatem,
1480 2329 1640 2391 quae
1682 2304 1752 2364 11⁴

38 2398 83 2459 li
128 2420 274 2458 cum
314 2401 609 2476 Pompejo
643 2402 1110 2475 intercesserat,
1146 2413 1210 2461 et
1253 2399 1588 2458 amicitiam
1630 2394 1755 2454 dis-

38 2487 260 2563 solvit3
307 2510 505 2570 quare
528 2508 674 2547 cum
709 2510 919 2571 neque
958 2490 1295 2565 Pompejas
1340 2507 1594 2568 parem,
1642 2506 1755 2544 ne-

40 2598 169 2658 que
219 2579 454 2635 Caesar
489 2576 880 2657 superiorem
916 2598 980 2641 se
1015 2576 1282 2659 amplius
1318 2574 1486 2636 ferre
1529 2586 1754 2657 posset,

40 2663 221 2727 brevi
255 2664 530 2727 duorum
562 2662 790 2725 horum
827 2660 1088 2726 ambitio
1126 2663 1482 2725 libertatem
1525 2663 1756 2722 Roma·

894 2774 930 2813 e
1518 2771 1665 2810 nam

115 2924 191 2997 a)
245 2926 370 2984 Liv.
408 2926 559 2998 Epit.
592 2926 655 2980 L.
700 2923 820 2980 106.
856 2924 1057 2979 Justin.
1096 2925 1158 2977 L.
1201 2921 1286 2976 42.
1325 2922 1473 2976 Flor.
1512 2921 1575 2973 L.
1615 2918 1666 2973 3.
1703 2941 1749 2973 c.

187 2994 546 3124 ἰὼὸΑΡΡίῗὲ.
584 2997 641 3051 in
671 2995 945 3052 Parthico.
974 2995 1128 3053 Plut.
1157 2995 1216 3049 in
1249 2994 1464 3063 Crasso,
1503 2990 1753 3049 Orosius·

238 3106 251 3122 ⁰
320 3107 340 3128 O
370 3088 422 3129 cb
525 3108 544 3128 Ο
