<?xml version="1.0" encoding="UTF-8"?>
<!DOCTYPE html PUBLIC "-//W3C//DTD XHTML 1.0 Transitional//EN"
    "http://www.w3.org/TR/xhtml1/DTD/xhtml1-transitional.dtd">
<html xmlns="http://www.w3.org/1999/xhtml" xml:lang="en" lang="en">
 <head>
  <title>
</title>
<meta http-equiv="Content-Type" content="text/html;charset=utf-8" />
  <meta name='ocr-system' content='tesseract 3.04.00' />
  <meta name='ocr-capabilities' content='ocr_page ocr_carea ocr_par ocr_line ocrx_word'/>
</head>
<body>
  <div class='ocr_page' id='page_1' title='image "./historiauniversa02nagy_0503.png"; bbox 0 0 2097 3726; ppageno 0'>
   <div class='ocr_carea' id='block_1_1' title="bbox 553 144 1652 215">
    <p class='ocr_par' dir='ltr' id='par_1_1' title="bbox 553 144 1652 215">
     <span class='ocr_line' id='line_1_1' title="bbox 553 144 1652 215; baseline 0.016 -18"><span class='ocrx_word' id='word_1_1' title='bbox 553 144 832 200; x_wconf 78' lang='lat' dir='ltr'><em>Romano</em></span> <span class='ocrx_word' id='word_1_2' title='bbox 878 145 1246 206; x_wconf 76' lang='lat' dir='ltr'>Germanici.</span> <span class='ocrx_word' id='word_1_3' title='bbox 1529 156 1560 212; x_wconf 78' lang='grc'>4</span> <span class='ocrx_word' id='word_1_4' title='bbox 1573 159 1604 215; x_wconf 85' lang='grc'><strong>8</strong></span> <span class='ocrx_word' id='word_1_5' title='bbox 1616 156 1652 214; x_wconf 76' lang='grc'>5</span> 
     </span>
    </p>
   </div>
   <div class='ocr_carea' id='block_1_2' title="bbox 42 311 1745 1191">
    <p class='ocr_par' dir='ltr' id='par_1_2' title="bbox 42 311 1745 1191">
     <span class='ocr_line' id='line_1_2' title="bbox 53 311 1739 411; baseline 0.011 -40"><span class='ocrx_word' id='word_1_6' title='bbox 53 311 328 374; x_wconf 84' lang='lat' dir='ltr'>Hussitas</span> <span class='ocrx_word' id='word_1_7' title='bbox 370 316 602 398; x_wconf 82' lang='lat' dir='ltr'>Pragae</span> <span class='ocrx_word' id='word_1_8' title='bbox 653 315 1019 378; x_wconf 82' lang='lat' dir='ltr'><strong>seditionem</strong></span> <span class='ocrx_word' id='word_1_9' title='bbox 1059 323 1318 384; x_wconf 86' lang='lat' dir='ltr'>movisse</span> <span class='ocrx_word' id='word_1_10' title='bbox 1346 371 1359 395; x_wconf 77' lang='grc'>,</span> <span class='ocrx_word' id='word_1_11' title='bbox 1416 327 1739 411; x_wconf 79' lang='lat' dir='ltr'>apoplexia</span> 
     </span>
     <span class='ocr_line' id='line_1_3' title="bbox 51 406 1740 500; baseline 0.01 -40"><span class='ocrx_word' id='word_1_12' title='bbox 51 415 377 485; x_wconf 85' lang='lat' dir='ltr'>correptus</span> <span class='ocrx_word' id='word_1_13' title='bbox 434 406 673 464; x_wconf 90' lang='lat' dir='ltr'>interiit</span> <span class='ocrx_word' id='word_1_14' title='bbox 730 426 779 461; x_wconf 82' lang='lat' dir='ltr'>a.</span> <span class='ocrx_word' id='word_1_15' title='bbox 848 408 1029 466; x_wconf 80' lang='lat'>1418.</span> <span class='ocrx_word' id='word_1_16' title='bbox 1078 414 1326 492; x_wconf 82' lang='lat' dir='ltr'>Imperii</span> <span class='ocrx_word' id='word_1_17' title='bbox 1390 422 1485 474; x_wconf 78' lang='lat'>22.</span> <span class='ocrx_word' id='word_1_18' title='bbox 1544 418 1740 500; x_wconf 68' lang='lat' dir='ltr'>Regni</span> 
     </span>
     <span class='ocr_line' id='line_1_4' title="bbox 52 484 1742 581; baseline 0.01 -35"><span class='ocrx_word' id='word_1_19' title='bbox 52 487 385 551; x_wconf 84' lang='lat' dir='ltr'>Bohemiae</span> <span class='ocrx_word' id='word_1_20' title='bbox 448 495 544 550; x_wconf 76' lang='lat'>41.</span> <span class='ocrx_word' id='word_1_21' title='bbox 607 493 698 552; x_wconf 88' lang='lat' dir='ltr'>Eo</span> <span class='ocrx_word' id='word_1_22' title='bbox 760 492 1116 575; x_wconf 84' lang='lat' dir='ltr'>Imperante</span> <span class='ocrx_word' id='word_1_23' title='bbox 1183 501 1244 555; x_wconf 83' lang='lat' dir='ltr'>in</span> <span class='ocrx_word' id='word_1_24' title='bbox 1308 502 1483 560; x_wconf 70' lang='lat' dir='ltr'>ltalia</span> <span class='ocrx_word' id='word_1_25' title='bbox 1548 484 1742 581; x_wconf 61' lang='lat' dir='ltr'>Py‘xis</span> 
     </span>
     <span class='ocr_line' id='line_1_5' title="bbox 50 578 1745 668; baseline 0.011 -34"><span class='ocrx_word' id='word_1_26' title='bbox 50 581 309 635; x_wconf 73' lang='lat' dir='ltr'>nautica</span> <span class='ocrx_word' id='word_1_27' title='bbox 361 601 394 636; x_wconf 86' lang='lat' dir='ltr'>a</span> <span class='ocrx_word' id='word_1_28' title='bbox 450 581 588 638; x_wconf 85' lang='lat' dir='ltr'>cive</span> <span class='ocrx_word' id='word_1_29' title='bbox 646 578 916 661; x_wconf 85' lang='lat' dir='ltr'>quodam</span> <span class='ocrx_word' id='word_1_30' title='bbox 969 583 1390 667; x_wconf 78' lang='lat' dir='ltr'>Memphitano</span> <span class='ocrx_word' id='word_1_31' title='bbox 1456 593 1745 668; x_wconf 76' lang='lat' dir='ltr'>inventa3</span> 
     </span>
     <span class='ocr_line' id='line_1_6' title="bbox 52 668 1743 761; baseline 0.009 -37"><span class='ocrx_word' id='word_1_32' title='bbox 52 668 201 725; x_wconf 87' lang='lat' dir='ltr'>item</span> <span class='ocrx_word' id='word_1_33' title='bbox 247 668 462 725; x_wconf 73' lang='lat' dir='ltr'>Pulvis</span> <span class='ocrx_word' id='word_1_34' title='bbox 507 671 739 742; x_wconf 77' lang='lat' dir='ltr'>pyrius</span> <span class='ocrx_word' id='word_1_35' title='bbox 786 690 852 726; x_wconf 85' lang='lat' dir='ltr'>ac</span> <span class='ocrx_word' id='word_1_36' title='bbox 918 675 1207 732; x_wconf 87' lang='lat' dir='ltr'>tormenti</span> <span class='ocrx_word' id='word_1_37' title='bbox 1282 675 1484 737; x_wconf 82' lang='lat' dir='ltr'>bellici</span> <span class='ocrx_word' id='word_1_38' title='bbox 1553 703 1743 761; x_wconf 76' lang='lat' dir='ltr'>genus</span> 
     </span>
     <span class='ocr_line' id='line_1_7' title="bbox 50 753 1743 835; baseline 0.007 -22"><span class='ocrx_word' id='word_1_39' title='bbox 50 753 243 835; x_wconf 83' lang='lat' dir='ltr'>vulgo</span> <span class='ocrx_word' id='word_1_40' title='bbox 280 754 675 812; x_wconf 79' lang='lat' dir='ltr'>Bombardcce</span> <span class='ocrx_word' id='word_1_41' title='bbox 713 759 774 813; x_wconf 91' lang='lat' dir='ltr'>in</span> <span class='ocrx_word' id='word_1_42' title='bbox 809 757 1137 819; x_wconf 83' lang='lat' dir='ltr'><strong>Germania</strong></span> <span class='ocrx_word' id='word_1_43' title='bbox 1177 783 1210 818; x_wconf 84' lang='lat' dir='ltr'>a</span> <span class='ocrx_word' id='word_1_44' title='bbox 1244 764 1589 825; x_wconf 78' lang='lat' dir='ltr'>Bertholclo</span> <span class='ocrx_word' id='word_1_45' title='bbox 1634 773 1743 824; x_wconf 77' lang='grc' dir='ltr'>Νί-</span> 
     </span>
     <span class='ocr_line' id='line_1_8' title="bbox 42 838 1743 935; baseline 0.009 -37"><span class='ocrx_word' id='word_1_46' title='bbox 42 864 167 921; x_wconf 81' lang='lat' dir='ltr'>gro</span> <span class='ocrx_word' id='word_1_47' title='bbox 205 838 517 921; x_wconf 83' lang='lat' dir='ltr'>Chymista</span> <span class='ocrx_word' id='word_1_48' title='bbox 558 857 618 902; x_wconf 84' lang='lat' dir='ltr'>et</span> <span class='ocrx_word' id='word_1_49' title='bbox 645 842 950 906; x_wconf 77' lang='lat' dir='ltr'>Monaclio</span> <span class='ocrx_word' id='word_1_50' title='bbox 990 849 1258 921; x_wconf 81' lang='lat' dir='ltr'>inventa,</span> <span class='ocrx_word' id='word_1_51' title='bbox 1295 865 1356 910; x_wconf 86' lang='lat' dir='ltr'>et</span> <span class='ocrx_word' id='word_1_52' title='bbox 1399 858 1743 935; x_wconf 71' lang='lat' dir='ltr'>excogitata</span> 
     </span>
     <span class='ocr_line' id='line_1_9' title="bbox 49 932 1742 1021; baseline 0.006 -32"><span class='ocrx_word' id='word_1_53' title='bbox 49 943 192 990; x_wconf 81' lang='lat' dir='ltr'>sunt</span> <span class='ocrx_word' id='word_1_54' title='bbox 235 932 419 997; x_wconf 80' lang='lat'>1580,</span> <span class='ocrx_word' id='word_1_55' title='bbox 461 932 609 990; x_wconf 75' lang='lat' dir='ltr'>item</span> <span class='ocrx_word' id='word_1_56' title='bbox 655 933 836 992; x_wconf 79' lang='lat'>1586.</span> <span class='ocrx_word' id='word_1_57' title='bbox 870 937 1139 994; x_wconf 73' lang='lat' dir='ltr'>maxima</span> <span class='ocrx_word' id='word_1_58' title='bbox 1185 940 1315 994; x_wconf 87' lang='lat' dir='ltr'>vini</span> <span class='ocrx_word' id='word_1_59' title='bbox 1350 945 1525 1021; x_wconf 79' lang='lat' dir='ltr'>copia</span> <span class='ocrx_word' id='word_1_60' title='bbox 1568 957 1742 1000; x_wconf 74' lang='lat' dir='ltr'>nota—</span> 
     </span>
     <span class='ocr_line' id='line_1_10' title="bbox 51 1019 1742 1105; baseline 0.005 -28"><span class='ocrx_word' id='word_1_61' title='bbox 51 1031 174 1077; x_wconf 88' lang='lat' dir='ltr'>tur.</span> <span class='ocrx_word' id='word_1_62' title='bbox 229 1019 412 1079; x_wconf 81' lang='lat'>1590.</span> <span class='ocrx_word' id='word_1_63' title='bbox 468 1021 617 1079; x_wconf 89' lang='lat' dir='ltr'>novi</span> <span class='ocrx_word' id='word_1_64' title='bbox 666 1020 836 1081; x_wconf 88' lang='lat' dir='ltr'>orbis</span> <span class='ocrx_word' id='word_1_65' title='bbox 872 1023 1146 1083; x_wconf 85' lang='lat' dir='ltr'>Borealis</span> <span class='ocrx_word' id='word_1_66' title='bbox 1190 1046 1331 1105; x_wconf 83' lang='lat' dir='ltr'>pars</span> <span class='ocrx_word' id='word_1_67' title='bbox 1384 1031 1742 1087; x_wconf 61' lang='lat' dir='ltr'>Iis-totilan-</span> 
     </span>
     <span class='ocr_line' id='line_1_11' title="bbox 47 1109 1743 1191; baseline 0.009 -29"><span class='ocrx_word' id='word_1_68' title='bbox 47 1110 155 1164; x_wconf 78' lang='lat' dir='ltr'>clia</span> <span class='ocrx_word' id='word_1_69' title='bbox 200 1109 512 1165; x_wconf 78' lang='lat' dir='ltr'>nominata</span> <span class='ocrx_word' id='word_1_70' title='bbox 557 1130 590 1167; x_wconf 83' lang='lat' dir='ltr'>a</span> <span class='ocrx_word' id='word_1_71' title='bbox 645 1109 1052 1191; x_wconf 81' lang='lat' dir='ltr'>piscatoribus</span> <span class='ocrx_word' id='word_1_72' title='bbox 1108 1111 1477 1176; x_wconf 79' lang='lat' dir='ltr'>Frislandiae</span> <span class='ocrx_word' id='word_1_73' title='bbox 1519 1119 1743 1177; x_wconf 82' lang='lat' dir='ltr'>inven—</span> 
     </span>
    </p>
   </div>
   <div class='ocr_carea' id='block_1_3' title="bbox 48 1207 1746 1372">
    <p class='ocr_par' dir='ltr' id='par_1_3' title="bbox 48 1207 1746 1372">
     <span class='ocr_line' id='line_1_12' title="bbox 193 1215 218 1253; baseline 0 0"><span class='ocrx_word' id='word_1_74' title='bbox 193 1215 218 1253; x_wconf 87' lang='lat' dir='ltr'>s</span> 
     </span>
     <span class='ocr_line' id='line_1_13' title="bbox 48 1207 1746 1372; baseline 0.005 -31"><span class='ocrx_word' id='word_1_75' title='bbox 48 1209 108 1254; x_wconf 69' lang='lat' dir='ltr'>ta</span> <span class='ocrx_word' id='word_1_76' title='bbox 155 1215 188 1254; x_wconf 71' lang='lat' dir='ltr'><strong>e</strong></span> <span class='ocrx_word' id='word_1_77' title='bbox 224 1207 595 1342; x_wconf 56' lang='lat' dir='ltr'>tXXXVHI.</span> <span class='ocrx_word' id='word_1_78' title='bbox 643 1287 966 1361; x_wconf 74' lang='lat' dir='ltr'>Rapertzcs</span> <span class='ocrx_word' id='word_1_79' title='bbox 1016 1287 1350 1347; x_wconf 78' lang='lat' dir='ltr'>Palatinus</span> <span class='ocrx_word' id='word_1_80' title='bbox 1391 1305 1564 1372; x_wconf 78' lang='lat' dir='ltr'>patre</span> <span class='ocrx_word' id='word_1_81' title='bbox 1614 1294 1746 1350; x_wconf 79' lang='lat' dir='ltr'>Rec-</span> 
     </span>
    </p>
   </div>
   <div class='ocr_carea' id='block_1_4' title="bbox 0 1370 1752 2686">
    <p class='ocr_par' dir='ltr' id='par_1_4' title="bbox 0 1370 1752 2686">
     <span class='ocr_line' id='line_1_14' title="bbox 32 1370 1747 1450; baseline 0.003 -21"><span class='ocrx_word' id='word_1_82' title='bbox 32 1382 226 1450; x_wconf 80' lang='lat' dir='ltr'>perto</span> <span class='ocrx_word' id='word_1_83' title='bbox 279 1373 583 1431; x_wconf 83' lang='lat' dir='ltr'>Bavariae</span> <span class='ocrx_word' id='word_1_84' title='bbox 624 1370 780 1431; x_wconf 88' lang='lat' dir='ltr'>duce</span> <span class='ocrx_word' id='word_1_85' title='bbox 823 1385 883 1434; x_wconf 87' lang='lat' dir='ltr'>et</span> <span class='ocrx_word' id='word_1_86' title='bbox 930 1373 1206 1433; x_wconf 79' lang='lat' dir='ltr'>Palatino</span> <span class='ocrx_word' id='word_1_87' title='bbox 1235 1422 1249 1448; x_wconf 84' lang='lat'>,</span> <span class='ocrx_word' id='word_1_88' title='bbox 1314 1392 1514 1438; x_wconf 79' lang='lat' dir='ltr'>matre</span> <span class='ocrx_word' id='word_1_89' title='bbox 1570 1381 1747 1435; x_wconf 81' lang='lat' dir='ltr'>Bea-</span> 
     </span>
     <span class='ocr_line' id='line_1_15' title="bbox 46 1461 1748 1548; baseline 0.002 -30"><span class='ocrx_word' id='word_1_90' title='bbox 46 1463 208 1519; x_wconf 81' lang='lat' dir='ltr'>trice</span> <span class='ocrx_word' id='word_1_91' title='bbox 278 1462 590 1517; x_wconf 77' lang='lat' dir='ltr'>Friclerici</span> <span class='ocrx_word' id='word_1_92' title='bbox 649 1461 893 1521; x_wconf 81' lang='lat' dir='ltr'>Siciliae</span> <span class='ocrx_word' id='word_1_93' title='bbox 946 1464 1108 1543; x_wconf 83' lang='lat' dir='ltr'>regis</span> <span class='ocrx_word' id='word_1_94' title='bbox 1168 1462 1293 1521; x_wconf 84' lang='lat' dir='ltr'>filia</span> <span class='ocrx_word' id='word_1_95' title='bbox 1336 1480 1549 1538; x_wconf 69' lang='lat' dir='ltr'>natuS,</span> <span class='ocrx_word' id='word_1_96' title='bbox 1620 1469 1748 1548; x_wconf 83' lang='lat' dir='ltr'>pri-</span> 
     </span>
     <span class='ocr_line' id='line_1_16' title="bbox 45 1545 1752 1633; baseline 0.002 -26"><span class='ocrx_word' id='word_1_97' title='bbox 45 1571 212 1608; x_wconf 82' lang='lat' dir='ltr'>mam</span> <span class='ocrx_word' id='word_1_98' title='bbox 255 1549 541 1608; x_wconf 79' lang='lat' dir='ltr'>Uxorem</span> <span class='ocrx_word' id='word_1_99' title='bbox 586 1545 806 1608; x_wconf 85' lang='lat' dir='ltr'>habuit</span> <span class='ocrx_word' id='word_1_100' title='bbox 866 1550 1283 1625; x_wconf 77' lang='lat' dir='ltr'>Ananimam,</span> <span class='ocrx_word' id='word_1_101' title='bbox 1371 1574 1443 1611; x_wconf 79' lang='lat' dir='ltr'>ex</span> <span class='ocrx_word' id='word_1_102' title='bbox 1488 1576 1611 1633; x_wconf 79' lang='lat' dir='ltr'>qua</span> <span class='ocrx_word' id='word_1_103' title='bbox 1651 1575 1752 1610; x_wconf 86' lang='lat' dir='ltr'>su—</span> 
     </span>
     <span class='ocr_line' id='line_1_17' title="bbox 0 1637 1748 1718; baseline 0.001 -21"><span class='ocrx_word' id='word_1_104' title='bbox 0 1659 1 1705; x_wconf 57' lang='lat'>}</span> <span class='ocrx_word' id='word_1_105' title='bbox 45 1639 238 1718; x_wconf 79' lang='lat' dir='ltr'>scepit</span> <span class='ocrx_word' id='word_1_106' title='bbox 287 1639 643 1712; x_wconf 76' lang='lat' dir='ltr'>Rupertzcm</span> <span class='ocrx_word' id='word_1_107' title='bbox 695 1640 924 1714; x_wconf 80' lang='lat' dir='ltr'>Pipam</span> <span class='ocrx_word' id='word_1_108' title='bbox 968 1651 1292 1696; x_wconf 84' lang='lat' dir='ltr'>strenuum</span> <span class='ocrx_word' id='word_1_109' title='bbox 1350 1637 1586 1698; x_wconf 88' lang='lat' dir='ltr'>ducem.</span> <span class='ocrx_word' id='word_1_110' title='bbox 1658 1643 1748 1698; x_wconf 76' lang='lat' dir='ltr'>Ex</span> 
     </span>
     <span class='ocr_line' id='line_1_18' title="bbox 0 1722 1747 1811; baseline 0 -26"><span class='ocrx_word' id='word_1_111' title='bbox 0 1747 2 1811; x_wconf 46' lang='grc' dir='ltr'><strong>ῃ</strong></span> <span class='ocrx_word' id='word_1_112' title='bbox 50 1722 315 1785; x_wconf 81' lang='lat' dir='ltr'>secunda</span> <span class='ocrx_word' id='word_1_113' title='bbox 361 1746 516 1784; x_wconf 87' lang='lat' dir='ltr'>vero</span> <span class='ocrx_word' id='word_1_114' title='bbox 563 1746 763 1785; x_wconf 81' lang='lat' dir='ltr'>uxore</span> <span class='ocrx_word' id='word_1_115' title='bbox 808 1726 1183 1784; x_wconf 77' lang='lat' dir='ltr'>Elisabetlza</span> <span class='ocrx_word' id='word_1_116' title='bbox 1225 1729 1541 1784; x_wconf 78' lang='lat' dir='ltr'>Friclerici</span> <span class='ocrx_word' id='word_1_117' title='bbox 1579 1729 1747 1785; x_wconf 86' lang='lat' dir='ltr'>Bur-</span> 
     </span>
     <span class='ocr_line' id='line_1_19' title="bbox 0 1812 1742 1897; baseline 0 -25"><span class='ocrx_word' id='word_1_118' title='bbox 0 1815 1 1819; x_wconf 65' lang='grc'>’</span> <span class='ocrx_word' id='word_1_119' title='bbox 51 1815 255 1897; x_wconf 77' lang='lat' dir='ltr'>gravii</span> <span class='ocrx_word' id='word_1_120' title='bbox 312 1812 792 1895; x_wconf 82' lang='lat' dir='ltr'>Noribergensis</span> <span class='ocrx_word' id='word_1_121' title='bbox 837 1812 961 1872; x_wconf 86' lang='lat' dir='ltr'>filia</span> <span class='ocrx_word' id='word_1_122' title='bbox 1012 1816 1278 1897; x_wconf 83' lang='lat' dir='ltr'>suscepit</span> <span class='ocrx_word' id='word_1_123' title='bbox 1339 1816 1392 1874; x_wconf 85' lang='lat'>5.</span> <span class='ocrx_word' id='word_1_124' title='bbox 1449 1812 1602 1874; x_wconf 85' lang='lat' dir='ltr'>filios</span> <span class='ocrx_word' id='word_1_125' title='bbox 1649 1818 1742 1874; x_wconf 79' lang='lat' dir='ltr'>uti</span> 
     </span>
     <span class='ocr_line' id='line_1_20' title="bbox 42 1905 1747 1976; baseline 0 -16"><span class='ocrx_word' id='word_1_126' title='bbox 42 1905 456 1960; x_wconf 66' lang='lat' dir='ltr'>&#39;Fridericmn</span> <span class='ocrx_word' id='word_1_127' title='bbox 501 1914 747 1961; x_wconf 79' lang='lat' dir='ltr'>mature</span> <span class='ocrx_word' id='word_1_128' title='bbox 791 1915 1129 1965; x_wconf 85' lang='lat' dir='ltr'>mortuum,</span> <span class='ocrx_word' id='word_1_129' title='bbox 1177 1905 1594 1976; x_wconf 78' lang='lat' dir='ltr'>chdovicum,</span> <span class='ocrx_word' id='word_1_130' title='bbox 1641 1906 1747 1960; x_wconf 86' lang='lat' dir='ltr'>Jo-</span> 
     </span>
     <span class='ocr_line' id='line_1_21' title="bbox 47 1990 1752 2067; baseline 0.001 -18"><span class='ocrx_word' id='word_1_131' title='bbox 47 2013 303 2065; x_wconf 76' lang='lat' dir='ltr'>amoem,</span> <span class='ocrx_word' id='word_1_132' title='bbox 381 1991 768 2067; x_wconf 77' lang='lat' dir='ltr'><em>Stephanum</em></span> <span class='ocrx_word' id='word_1_133' title='bbox 792 2036 808 2064; x_wconf 82' lang='lat'><strong>,</strong></span> <span class='ocrx_word' id='word_1_134' title='bbox 855 2002 918 2051; x_wconf 83' lang='lat' dir='ltr'>et</span> <span class='ocrx_word' id='word_1_135' title='bbox 993 1994 1318 2063; x_wconf 81' lang='lat' dir='ltr'>Ottonem;</span> <span class='ocrx_word' id='word_1_136' title='bbox 1393 1990 1546 2050; x_wconf 84' lang='lat' dir='ltr'>filias</span> <span class='ocrx_word' id='word_1_137' title='bbox 1597 2012 1752 2050; x_wconf 87' lang='lat' dir='ltr'>vero</span> 
     </span>
     <span class='ocr_line' id='line_1_22' title="bbox 47 2080 1745 2158; baseline -0.001 -20"><span class='ocrx_word' id='word_1_138' title='bbox 47 2082 502 2158; x_wconf 66' lang='lat' dir='ltr'>Margus-etam</span> <span class='ocrx_word' id='word_1_139' title='bbox 527 2124 542 2152; x_wconf 86' lang='lat'>‚</span> <span class='ocrx_word' id='word_1_140' title='bbox 606 2080 1077 2152; x_wconf 74' lang='lat' dir='ltr'>Elisabetham‚</span> <span class='ocrx_word' id='word_1_141' title='bbox 1157 2093 1222 2138; x_wconf 84' lang='lat' dir='ltr'>et</span> <span class='ocrx_word' id='word_1_142' title='bbox 1284 2082 1609 2158; x_wconf 79' lang='lat' dir='ltr'>Agnetem.</span> <span class='ocrx_word' id='word_1_143' title='bbox 1661 2113 1745 2122; x_wconf 92' lang='lat'><strong>—</strong></span> 
     </span>
     <span class='ocr_line' id='line_1_23' title="bbox 47 2167 1750 2250; baseline -0.004 -22"><span class='ocrx_word' id='word_1_144' title='bbox 47 2167 367 2228; x_wconf 89' lang='lat' dir='ltr'>Electores</span> <span class='ocrx_word' id='word_1_145' title='bbox 425 2167 684 2249; x_wconf 88' lang='lat' dir='ltr'>Imperii</span> <span class='ocrx_word' id='word_1_146' title='bbox 729 2188 926 2248; x_wconf 88' lang='lat' dir='ltr'>quum</span> <span class='ocrx_word' id='word_1_147' title='bbox 988 2168 1334 2250; x_wconf 84' lang='lat' dir='ltr'>Imperium</span> <span class='ocrx_word' id='word_1_148' title='bbox 1388 2170 1750 2226; x_wconf 76' lang='lat' dir='ltr'>Wenceslao</span> 
     </span>
     <span class='ocr_line' id='line_1_24' title="bbox 46 2253 1748 2337; baseline -0.002 -22"><span class='ocrx_word' id='word_1_149' title='bbox 46 2256 492 2337; x_wconf 82' lang='lat' dir='ltr'>abrogassent,</span> <span class='ocrx_word' id='word_1_150' title='bbox 579 2255 664 2311; x_wconf 89' lang='lat' dir='ltr'>in·</span> <span class='ocrx_word' id='word_1_151' title='bbox 702 2253 836 2336; x_wconf 87' lang='lat' dir='ltr'>ejus</span> <span class='ocrx_word' id='word_1_152' title='bbox 892 2254 1101 2313; x_wconf 89' lang='lat' dir='ltr'>locum</span> <span class='ocrx_word' id='word_1_153' title='bbox 1154 2278 1302 2315; x_wconf 82' lang='lat' dir='ltr'>mox</span> <span class='ocrx_word' id='word_1_154' title='bbox 1356 2253 1748 2314; x_wconf 80' lang='lat' dir='ltr'>Francofurti</span> 
     </span>
     <span class='ocr_line' id='line_1_25' title="bbox 45 2342 1748 2424; baseline -0.002 -21"><span class='ocrx_word' id='word_1_155' title='bbox 45 2346 445 2403; x_wconf 79' lang='lat' dir='ltr'>Fridericam</span> <span class='ocrx_word' id='word_1_156' title='bbox 509 2342 747 2402; x_wconf 87' lang='lat' dir='ltr'>Ducem</span> <span class='ocrx_word' id='word_1_157' title='bbox 821 2343 1335 2402; x_wconf 88' lang='lat' dir='ltr'>Brunsvicensem</span> <span class='ocrx_word' id='word_1_158' title='bbox 1402 2345 1748 2424; x_wconf 82' lang='lat' dir='ltr'>Imperato-</span> 
     </span>
     <span class='ocr_line' id='line_1_26' title="bbox 46 2428 1746 2511; baseline -0.004 -18"><span class='ocrx_word' id='word_1_159' title='bbox 46 2455 181 2494; x_wconf 90' lang='lat' dir='ltr'>rem</span> <span class='ocrx_word' id='word_1_160' title='bbox 223 2430 695 2491; x_wconf 85' lang='lat' dir='ltr'>renunciarunt.</span> <span class='ocrx_word' id='word_1_161' title='bbox 746 2430 828 2507; x_wconf 81' lang='lat' dir='ltr'>a)</span> <span class='ocrx_word' id='word_1_162' title='bbox 875 2430 993 2488; x_wconf 86' lang='lat' dir='ltr'>Cui</span> <span class='ocrx_word' id='word_1_163' title='bbox 1027 2451 1173 2488; x_wconf 79' lang='lat' dir='ltr'>mox</span> <span class='ocrx_word' id='word_1_164' title='bbox 1212 2428 1443 2488; x_wconf 86' lang='lat' dir='ltr'>insidiis</span> <span class='ocrx_word' id='word_1_165' title='bbox 1479 2432 1746 2511; x_wconf 80' lang='lat' dir='ltr'>Mogun-</span> 
     </span>
     <span class='ocr_line' id='line_1_27' title="bbox 45 2515 1747 2604; baseline -0.004 -24"><span class='ocrx_word' id='word_1_166' title='bbox 45 2523 161 2580; x_wconf 88' lang='lat' dir='ltr'>tini</span> <span class='ocrx_word' id='word_1_167' title='bbox 217 2520 503 2604; x_wconf 87' lang='lat' dir='ltr'>Episcopi</span> <span class='ocrx_word' id='word_1_168' title='bbox 562 2541 676 2601; x_wconf 86' lang='lat' dir='ltr'>per</span> <span class='ocrx_word' id='word_1_169' title='bbox 737 2515 1208 2577; x_wconf 81' lang='lat' dir='ltr'>Waldecensem</span> <span class='ocrx_word' id='word_1_170' title='bbox 1278 2519 1581 2576; x_wconf 68' lang='lat' dir='ltr'>Comitem</span> <span class='ocrx_word' id='word_1_171' title='bbox 1644 2538 1747 2597; x_wconf 84' lang='lat' dir='ltr'>pe-</span> 
     </span>
     <span class='ocr_line' id='line_1_28' title="bbox 45 2602 1744 2686; baseline -0.006 -16"><span class='ocrx_word' id='word_1_172' title='bbox 45 2623 288 2683; x_wconf 85' lang='lat' dir='ltr'>remto,</span> <span class='ocrx_word' id='word_1_173' title='bbox 352 2610 706 2684; x_wconf 73' lang='lat' dir='ltr'>chpertam</span> <span class='ocrx_word' id='word_1_174' title='bbox 767 2604 1111 2665; x_wconf 84' lang='lat' dir='ltr'>Palatinum</span> <span class='ocrx_word' id='word_1_175' title='bbox 1165 2619 1587 2686; x_wconf 79' lang='lat' dir='ltr'>surrogarunt.</span> <span class='ocrx_word' id='word_1_176' title='bbox 1663 2602 1744 2678; x_wconf 83' lang='lat' dir='ltr'>b)</span> 
     </span>
    </p>
   </div>
   <div class='ocr_carea' id='block_1_5' title="bbox 827 2690 1659 2775">
    <p class='ocr_par' dir='ltr' id='par_1_5' title="bbox 827 2690 1659 2775">
     <span class='ocr_line' id='line_1_29' title="bbox 827 2690 1659 2775; baseline -0.004 -24"><span class='ocrx_word' id='word_1_177' title='bbox 827 2691 866 2751; x_wconf 91' lang='lat' dir='ltr'>h</span> <span class='ocrx_word' id='word_1_178' title='bbox 884 2690 922 2750; x_wconf 92' lang='lat' dir='ltr'>h</span> <span class='ocrx_word' id='word_1_179' title='bbox 944 2699 977 2753; x_wconf 84' lang='lat'>2</span> <span class='ocrx_word' id='word_1_180' title='bbox 1425 2695 1659 2775; x_wconf 84' lang='lat' dir='ltr'>Bopar-</span> 
     </span>
    </p>
   </div>
   <div class='ocr_carea' id='block_1_6' title="bbox 59 2786 290 2798">
    <p class='ocr_par' dir='ltr' id='par_1_6' title="bbox 59 2786 290 2798">
     <span class='ocr_line' id='line_1_30' title="bbox 59 2786 290 2798; baseline 0 928"><span class='ocrx_word' id='word_1_181' title='bbox 59 2786 290 2798; x_wconf 95' lang='lat' dir='ltr'> </span> 
     </span>
    </p>
   </div>
   <div class='ocr_carea' id='block_1_7' title="bbox 115 2860 1740 3005">
    <p class='ocr_par' dir='ltr' id='par_1_7' title="bbox 115 2860 1740 3005">
     <span class='ocr_line' id='line_1_31' title="bbox 115 2860 1739 2938; baseline -0.002 -23"><span class='ocrx_word' id='word_1_182' title='bbox 115 2884 149 2916; x_wconf 79' lang='lat' dir='ltr'><strong><em>a</em></strong></span> <span class='ocrx_word' id='word_1_183' title='bbox 172 2864 200 2938; x_wconf 91' lang='grc'>)</span> <span class='ocrx_word' id='word_1_184' title='bbox 235 2868 608 2938; x_wconf 78' lang='lat' dir='ltr'>Caspinianus.</span> <span class='ocrx_word' id='word_1_185' title='bbox 639 2867 695 2921; x_wconf 87' lang='lat' dir='ltr'>in</span> <span class='ocrx_word' id='word_1_186' title='bbox 731 2865 815 2918; x_wconf 84' lang='lat' dir='ltr'>Ru</span> <span class='ocrx_word' id='word_1_187' title='bbox 858 2874 998 2919; x_wconf 76' lang='lat' dir='ltr'>erto·</span> <span class='ocrx_word' id='word_1_188' title='bbox 1039 2863 1416 2915; x_wconf 80' lang='lat' dir='ltr'>Leclimannus</span> <span class='ocrx_word' id='word_1_189' title='bbox 1448 2861 1499 2911; x_wconf 82' lang='lat' dir='ltr'>in</span> <span class='ocrx_word' id='word_1_190' title='bbox 1533 2860 1739 2911; x_wconf 75' lang='lat' dir='ltr'>Clmm.</span> 
     </span>
     <span class='ocr_line' id='line_1_32' title="bbox 193 2930 1740 3005; baseline -0.005 -20"><span class='ocrx_word' id='word_1_191' title='bbox 193 2935 460 3004; x_wconf 84' lang='lat' dir='ltr'>Spirensi.</span> <span class='ocrx_word' id='word_1_192' title='bbox 500 2938 560 2990; x_wconf 92' lang='lat' dir='ltr'>L.</span> <span class='ocrx_word' id='word_1_193' title='bbox 587 2936 643 2989; x_wconf 91' lang='lat'>7.</span> <span class='ocrx_word' id='word_1_194' title='bbox 690 2955 742 2992; x_wconf 82' lang='lat' dir='ltr'>e.</span> <span class='ocrx_word' id='word_1_195' title='bbox 782 2935 809 2986; x_wconf 90' lang='lat'><em>7</em></span> <span class='ocrx_word' id='word_1_196' title='bbox 850 2975 862 2985; x_wconf 92' lang='lat'>.</span> <span class='ocrx_word' id='word_1_197' title='bbox 898 2931 967 3005; x_wconf 81' lang='lat' dir='ltr'>b)</span> <span class='ocrx_word' id='word_1_198' title='bbox 1005 2934 1288 2986; x_wconf 81' lang='lat' dir='ltr'>Peuccrus.</span> <span class='ocrx_word' id='word_1_199' title='bbox 1334 2933 1393 2982; x_wconf 85' lang='lat' dir='ltr'>L.</span> <span class='ocrx_word' id='word_1_200' title='bbox 1420 2930 1464 2983; x_wconf 85' lang='lat'>5.</span> <span class='ocrx_word' id='word_1_201' title='bbox 1506 2931 1575 2986; x_wconf 88' lang='grc' dir='ltr'><strong>Η.</strong></span> <span class='ocrx_word' id='word_1_202' title='bbox 1614 2930 1740 2981; x_wconf 81' lang='lat' dir='ltr'>Mu-</span> 
     </span>
    </p>
   </div>
   <div class='ocr_carea' id='block_1_8' title="bbox 195 3005 851 3062">
    <p class='ocr_par' dir='ltr' id='par_1_8' title="bbox 195 3005 851 3062">
     <span class='ocr_line' id='line_1_33' title="bbox 195 3005 851 3062; baseline 0.008 -5"><span class='ocrx_word' id='word_1_203' title='bbox 195 3007 322 3060; x_wconf 74' lang='lat' dir='ltr'>tius.</span> <span class='ocrx_word' id='word_1_204' title='bbox 366 3009 425 3061; x_wconf 87' lang='lat' dir='ltr'>L.</span> <span class='ocrx_word' id='word_1_205' title='bbox 465 3007 552 3061; x_wconf 79' lang='grc'><strong>26.</strong></span> <span class='ocrx_word' id='word_1_206' title='bbox 594 3007 688 3060; x_wconf 86' lang='lat' dir='ltr'>fol.</span> <span class='ocrx_word' id='word_1_207' title='bbox 731 3005 851 3062; x_wconf 76' lang='lat'><strong>299.</strong></span> 
     </span>
    </p>
   </div>
   <div class='ocr_carea' id='block_1_9' title="bbox 0 1819 21 3726">
    <p class='ocr_par' dir='ltr' id='par_1_9' title="bbox 0 1819 21 3726">
     <span class='ocr_line' id='line_1_34' title="bbox 0 1819 21 3726; baseline 0 0"><span class='ocrx_word' id='word_1_208' title='bbox 0 1819 21 3726; x_wconf 95' lang='lat' dir='ltr'> </span> 
     </span>
    </p>
   </div>
  </div>
 </body>
</html>
