2097 3726
418 187 543 247 250
831 188 1132 248 Historia
1175 193 1517 250 Slavorzcm.

330 361 734 442 loponnesum
783 375 1043 424 vastatas
1085 361 1167 443 a)
1216 362 1375 426 fecit.
1454 367 1715 426 Carolus
1755 366 1846 424 M.
1891 389 2010 428 au-

324 463 450 507 tem
489 471 580 506 an.
625 450 763 508 805.
805 450 1013 512 fractis
1051 454 1113 512 in
1149 452 1439 515 Bohemia
1477 454 1700 527 Slavis,
1749 454 1825 532 b)
1861 478 2009 516 mox

319 537 717 617 sequentibus
748 542 923 599 annis
961 555 1176 599 contra
1223 541 1505 616 eosdem,
1552 540 1820 601 Sorabos
1861 545 2012 604 item.

319 638 380 683 et
435 623 640 684 Danos
702 628 775 708 c)
832 627 1058 688 limites
1112 631 1359 712 imperii
1416 632 1668 690 munitis
1725 629 2006 694 Urbibus

319 710 635 789 firmabat3
683 715 907 797 quibus
952 732 1159 793 tamen
1198 739 1323 776 non
1366 719 1750 777 obstantibus
1781 740 2006 798 magna

320 822 395 858 ex
436 815 611 883 parte
647 804 989 887 Imperium
1041 803 1827 875 occidentalebinfestabant
1870 806 2006 871 Sla-

313 890 420 961 vi,
481 892 589 971 qui
644 906 784 974 post
829 896 1153 953 continuas
1219 895 1283 950 in
1347 895 1677 954 Saxoniam
1735 894 2008 976 aliasque

312 975 688 1039 Germaniae
729 983 1080 1061 provincias
1117 984 1530 1065 irruptiones,
1577 985 1645 1060 cl)
1687 981 1934 1041 tandem
1970 1004 2005 1040 a

313 1068 627 1124 Ladonico
671 1070 1038 1126 Germanico
1083 1071 1223 1149 869.
1278 1070 1607 1153 multiplici
1645 1068 1815 1129 clade
1855 1071 2007 1127 atri-

316 1153 393 1225 ti,
442 1157 627 1213 etiam
664 1153 937 1238 ejusdem
969 1159 1273 1215 Ludovici
1299 1178 1489 1240 opera
1521 1159 1598 1218 ad
1635 1159 1999 1240 religionem

319 1240 728 1302 Christianam
767 1267 879 1327 per
926 1247 1318 1303 Methodium
1372 1245 1450 1323 e)
1508 1262 1684 1306 erant
1723 1248 2008 1305 conversi

317 1351 440 1386 una
489 1352 634 1390 cum
689 1331 976 1393 Bohemis
1022 1346 1084 1393 et
1127 1332 1437 1396 Dalmatis.
1531 1335 1731 1394 Porro
1788 1333 2007 1392 813νο-

316 1439 457 1478 rum
498 1420 793 1503 Princeps
839 1423 1288 1481 Zwentiboldas
1338 1444 1433 1479 an.
1484 1423 1620 1489 870.
1674 1421 2012 1482 celeberri-

313 1527 448 1564 mus
493 1510 720 1582 evasit,
769 1510 881 1592 qui
924 1509 1223 1589 gravibus
1278 1510 1754 1569 excursionibus
1796 1509 2004 1592 Impe-

311 1608 548 1655 ratores
593 1597 908 1659 Romanos
968 1600 1285 1671 exercuit,
1350 1599 1460 1680 qui
1502 1612 1573 1657 ut
1613 1598 1691 1657 ab
1732 1595 2003 1656 inferen-

313 1679 406 1740 dis
462 1680 701 1762 injuriiS
751 1685 1128 1761 abstineret,
1188 1709 1283 1745 an.
1334 1689 1476 1767 890.
1531 1685 1611 1743 ab
1667 1686 2002 1760 Arnalplzo

311 1772 466 1852 Imp.
502 1771 640 1830 Rex
678 1769 1007 1833 Bohemiae
1046 1788 1137 1833 est
1172 1776 1603 1847 renunciatus,
1650 1777 1762 1855 qui
1796 1787 2004 1832 tamen

311 1854 519 1917 denuo
575 1857 859 1934 rebelliS‚
940 1861 1392 1941 Hungarorum
1451 1863 1690 1920 viribus
1745 1863 2001 1945 punitus

310 1958 436 2017 est,
482 1948 593 2027 qui
642 1969 717 2005 ex
755 1945 1184 2029 desperatione
1203 1947 1289 2026 f)
1328 1946 1700 2009 monachum
1739 1949 1997 2008 induens

312 2032 487 2092 obiit.
565 2035 777 2093 Postea
826 2038 1010 2095 etiam
1058 2035 1228 2095 Slavi
1274 2037 1540 2098 rebelles
1595 2061 1687 2096 an.
1734 2039 1878 2119 925.
1921 2035 2002 2095 ab

311 2123 593 2179 Hem-ico
630 2122 889 2199 Aaoupe
924 2123 1001 2182 ad
1026 2123 1275 2198 Albim,
1325 2139 1464 2207 post
1501 2140 1625 2183 tres
1667 2146 1856 2183 annos
1888 2148 1999 2183 au·-

311 2221 440 2268 tem
476 2207 549 2266 ad
591 2231 760 2272 mare
797 2212 1097 2271 Balticum
1142 2214 1449 2272 irruentes
1490 2211 1779 2271 horribili
1828 2211 2000 2274 clade

309 2296 510 2358 affecti
545 2313 692 2357 sunt
733 2300 811 2360 ad
852 2320 991 2360 120.
1031 2300 1239 2360 millia.
1278 2301 1375 2380 g)
1425 2303 1571 2361 Post
1610 2300 1846 2362 cladem
1883 2324 1996 2360 au-

1787 2403 1914 2449 tem

373 2554 715 2678 “biiiiwfiii'i
751 2555 1993 2702 {3235}LZZ0R1¹>¹35¹¹02022¹2¹¹¹53⁸³2>ai-{15¹3

445 2695 517 2768 d)
555 2665 830 2753 l-Ielmold.
865 2700 921 2751 in
957 2702 1166 2758 Chron.
1199 2704 1345 2759 Slav.
1375 2701 1610 2754 Aimoin.
1649 2672 1711 2756 L.
1742 2702 1794 2759 5.
1833 2721 1880 2758 c.
1903 2701 1992 2759 21.

440 2784 553 2837 seq.
604 2766 667 2835 e)
705 2767 956 2823 Blondin.
999 2774 1127 2829 Dec.
1162 2771 1216 2829 2.
1254 2773 1318 2830 L.
1354 2771 1403 2824 4.
1441 2772 1683 2824 Cromer.
1722 2772 1785 2823 L.
1826 2771 1879 2823 3.
1909 2769 1987 2842 f)

441 2838 668 2891 Aeneas,
705 2836 864 2906 Sylv.
900 2841 1043 2899 Hist.
1081 2843 1210 2894 Boh.
1250 2862 1291 2894 c.
1330 2841 1417 2898 13.
1453 2841 1844 2911 Svatocopium
1880 2859 1985 2893 vo-

439 2916 547 2963 cat.
596 2906 902 2961 Duhravius
950 2930 1082 2965 vero
1130 2915 1265 2965 Hist.
1315 2913 1445 2965 Boh.
1489 2911 1548 2963 L.
1595 2910 1644 2964 4.
1697 2912 1994 2984 Svatoplu-

444 2995 590 3032 cum.
637 2976 771 3028 item
815 2978 1110 3039 KranziuS.
1158 2983 1216 3036 in
1259 2983 1460 3037 Saxon.
1512 2981 1579 3032 L.
1629 2979 1680 3032 2.
1731 3001 1777 3035 c.
1813 2980 1865 3037 3.
1896 2982 1983 3051 gl

446 3046 613 3098 idem.
652 3046 786 3101 ibid.
823 3049 886 3105 L.
928 3050 980 3104 3.
1021 3072 1066 3105 c.
1111 3051 1164 3110 9.
1203 3052 1351 3108 idem
1383 3051 1444 3105 in
1477 3050 1795 3110 Vandalicis.
1841 3052 1902 3106 L.
1934 3050 1985 3104 2.

441 3133 489 3169 c.
525 3115 608 3169 27.
646 3116 956 3182 Witekind.
991 3122 1058 3183 L.
1088 3120 1146 3182 ’1.
