2097 3726
402 223 522 282 464
836 225 1137 281 Ilistot·ia
1177 226 1439 299 Imperii

307 397 409 455 alii
443 393 640 455 Archi
680 397 1001 481 Episcopi,
1065 399 1389 461 Seculares
1421 399 1738 483 Principes
1778 413 1840 460 et
1877 402 1975 462 No

307 485 460 546 biles
499 485 868 547 Germaniae
894 530 910 560 ‚
959 489 1278 570 Principes
1317 488 1578 562 Gallici,
1626 487 2008 550 Ecclesiasti-

303 577 359 631 ci
423 576 793 658 Praepositi,
841 589 903 636 et
955 575 1273 650 AbbateS,
1320 599 1389 637 ac
1434 575 1841 652 Abbatissae,
1888 580 2007 640 Co·

298 665 508 735 miteS,
580 665 852 723 Barones
894 677 956 723 et
998 665 1266 723 Domini.
1332 667 1418 747 a)
1479 665 1589 724 III.
1654 667 2006 727 stlembrum

303 753 720 811 Comitiorum
767 775 876 812 seu
943 753 1201 834 Imperii
1258 755 1648 814 constituunt
1702 756 1998 817 Civitates

305 839 614 916 Liberae,
681 863 947 924 quarum
987 841 1139 900 aliae
1177 843 1528 903 immediate
1576 841 1836 902 subsunt
1877 848 2003 904 Im—

298 930 477 1009 perio
503 974 520 1003 ,
587 941 648 989 et
691 930 987 989 dicuntur
1048 933 1347 988 Civitates
1382 933 1652 990 Liberae
1689 935 1999 1009 Imperia-

304 1021 433 1088 le35
493 1019 644 1079 aliae
703 1040 859 1080 vero
911 1016 1213 1091 mediate,
1286 1023 1436 1100 quia
1492 1023 1556 1078 in
1610 1021 1853 1080 easdem
1906 1021 2000 1104 jus

299 1106 718 1188 praetendunt
750 1109 851 1167 alii
887 1110 1223 1192 Principes,
1272 1109 1411 1166 Jam.
1453 1107 1755 1190 ejusmodi
1794 1112 1999 1169 Comi—

298 1197 379 1253 tia
425 1194 643 1254 indicit
692 1197 1076 1280 Imperator,
1144 1197 1255 1280 qui
1310 1210 1372 1257 et
1421 1197 1673 1257 Praeses
1720 1212 1847 1273 est,
1896 1200 1997 1258 vel

301 1305 375 1342 eo
407 1283 661 1344 absente
699 1287 839 1346 Rex
871 1287 1299 1345 Romanorum
1326 1308 1341 1361 3
1388 1298 1479 1344 est
1517 1307 1672 1345 vero
1702 1286 1841 1346 Rex
1870 1287 2000 1346 Ro-

296 1393 628 1432 manorum
676 1373 1002 1434 Generalis
1048 1375 1303 1457 Imperii
1362 1374 1673 1438 Vicarius.
1732 1376 1842 1457 qui
1891 1374 2002 1434 ab-

294 1475 466 1520 sente
538 1461 639 1521 vel
698 1461 998 1545 impedito
1067 1462 1455 1547 Imperatore
1514 1462 1991 1545 Rempublicam

248 1553 251 1558 ’
295 1548 700 1622 moderatur,
769 1565 831 1611 et
865 1549 1159 1612 defuncto
1199 1553 1571 1632 Imperatori
1617 1551 1855 1633 absque
1901 1552 1996 1609 ul-

295 1640 513 1697 teriori
560 1639 861 1699 electione
914 1637 1200 1699 succedit.
1273 1641 1569 1712 Quamvis
1612 1653 1819 1700 autem
1870 1639 1997 1700 Im-

296 1738 538 1807 petator
594 1728 856 1787 Comitia
910 1740 1317 1802 convocaret,
1382 1729 1468 1788 ibi
1529 1740 1736 1788 tamen
1789 1749 1995 1809 neque

293 1812 457 1894 leges
511 1812 717 1889 ferre,
782 1837 990 1898 neque
1047 1815 1286 1874 tributa
1347 1817 1702 1899 imponere,
1787 1838 1993 1897 nequo

294 1901 560 1962 militem
599 1904 1030 1979 conscribere,
1083 1919 1188 1963 aut
1239 1903 1472 1964 bellum
1526 1903 1838 1977 indicere,
1887 1920 1993 1963 aut

289 2011 509 2073 pacem
559 1991 870 2050 arbitratu
918 2014 1028 2051 suo
1076 1994 1274 2066 inire,
1339 1994 1581 2075 potuit3
1646 2007 1989 2075 proventus

290 2079 461 2136 enim
518 2081 917 2162 Imperatoris
973 2081 1182 2161 exigui
1234 2095 1427 2140 erant.
1498 2080 1703 2140 Semel
1764 2080 1989 2141 electos

289 2164 708 2249 Imperatores
774 2165 867 2248 jus
930 2166 1341 2229 confirmandi
1409 2167 1528 2228 sibi
1592 2167 1992 2229 vindicarunt

288 2254 557 2314 Romani
595 2255 960 2331 PontificeS,
1008 2277 1207 2339 usque
1244 2259 1538 2316 unionem
1579 2256 1977 2318 Electoralem

289 2363 399 2401 seu
458 2366 556 2403 an.
628 2347 812 2405 1558.
870 2343 1016 2404 dein
1077 2346 1378 2404 sufficiens
1433 2357 1568 2405 erat
1627 2344 1986 2406 Electorum

284 2429 560 2512 legitima
605 2432 856 2506 electio,
935 2435 1001 2491 in
1051 2454 1168 2492 usu
1219 2445 1425 2494 tamen
1485 2433 1604 2493 fuit
1648 2434 1984 2494 Coronatio

286 2519 528 2595 Italica,
594 2536 656 2582 et
702 2520 1080 2581 Arelatensis
1121 2542 1320 2604 usque
1367 2520 1445 2581 ad
1509 2524 1802 2581 Carolum
1857 2526 1980 2582 IV.

285 2607 566 2668 Romana
611 2632 810 2693 usque
866 2612 1161 2670 Carolam
1212 2613 1290 2669 V.
1333 2611 1536 2671 Porro
1579 2623 1829 2694 praeter
1880 2609 1980 2670 di-

281 2708 441 2756 ctam
480 2699 670 2758 trium
726 2699 1163 2759 Membrorum
1215 2697 1709 2773 ordinationem,
1776 2698 1852 2758 ad
1886 2700 1981 2758 vi-

282 2780 468 2844 tanda
501 2788 564 2846 in
605 2789 879 2871 Imperio
925 2785 1301 2859 Schismata‚
1362 2786 1441 2847 ad
1479 2792 1757 2849 mutuam
1797 2789 1982 2847 Prin-

281 2875 489 2956 cipum
522 2878 890 2937 Germaniae
922 2872 1375 2952 defensionem,
1413 2897 1482 2935 ac
1517 2874 1833 2959 publicam
1870 2899 1981 2959 pa·-

280 2982 414 3022 cem
451 2979 760 3026 aeternam
798 2964 1194 3043 servandam,
1242 2966 1308 3026 in
1339 2965 1761 3030 Vormatiensi
1809 2965 1976 3024 Con-

1683 3066 1879 3113 ventu

347 3151 421 3224 a)
461 3155 608 3208 Atlas
640 3129 823 3212 minor
862 3156 1092 3214 Gemi-di
1120 3156 1457 3216 Mercatori&
1494 3175 1619 3230 pag.
1656 3155 1778 3213 351.
1817 3174 1968 3227 seqq.
