2097 3726
384 229 494 310 194
818 228 1423 285 IIisloria

278 416 493 485 agente
532 401 919 485 potissimum
971 404 1255 462 Romano
1301 402 1605 465 Pontifice
1666 403 1823 463 facta
1886 425 1979 463 es-

280 507 407 565 set,
442 491 516 549 ²in
556 491 801 573 signum
830 490 1230 572 gratitudinis
1276 495 1538 551 Carolus
1575 495 1664 550 M.
1707 490 1976 551 validam

282 577 666 639 Exarchatus
702 594 977 661 partem,
1022 580 1296 663 aliasque
1335 583 1741 664 possessiones
1779 580 1980 640 eidem

279 665 606 741 Pontifici,
654 665 910 751 ejusque
968 669 1421 729 successoribus
1476 670 1770 729 Romanis
1822 690 2022 729 con—-

283 754 459 815 tulit:
509 757 592 836 a)
638 768 825 838 atque
865 754 978 815 hac
1021 756 1356 818 donatione
1397 760 1622 816 nititur
1657 760 1983 817 Romano—-

280 865 426 903 rum
487 843 862 904 Pontificum
928 847 1402 913 Patrimonium,
1491 847 1758 905 Donatio
1817 846 1986 905 enim

295 935 686 991 Constantini
769 935 858 992 M.
940 947 1265 1016 tamquam
1338 934 1656 1008 fabulosa,
1748 931 1985 992 dudum

281 1019 362 1080 ab
414 1019 674 1081 eruditis
719 1019 972 1104 explosa
1026 1020 1307 1082 habetur.
1396 1021 1726 1094 Quomodo
1780 1036 1987 1080 autem

285 1133 320 1169 a
361 1110 651 1185 FranciS‚
698 1109 960 1192 Imperii
1002 1109 1359 1170 Occidentis
1396 1110 1666 1193 dignitas
1704 1110 1782 1169 ad
1830 1110 1991 1169 Ger-

282 1219 496 1258 manos
554 1197 845 1258 translata
897 1212 1024 1270 est,
1093 1221 1203 1258 suo
1261 1199 1396 1258 loco
1448 1201 1511 1257 in
1568 1199 1878 1257 Francicis
1931 1207 1992 1256 et

285 1288 671 1348 Germanicis
708 1286 895 1346 rebus
933 1286 1454 1370 percensebimus.
1496 1324 1582 1334 -—-
1618 1286 1844 1360 Quales
1879 1307 1992 1343 au·-

284 1388 413 1436 tem
449 1388 696 1458 gentes9
758 1389 1007 1458 praeter
1049 1388 1437 1437 enumeratas
1465 1421 1480 1449 ,
1527 1378 1590 1435 in
1633 1377 1829 1434 ruinis
1865 1375 1995 1431 Ru-

289 1465 455 1524 mani
510 1465 803 1546 Imperii,
869 1487 1060 1547 regna
1107 1487 1272 1525 nova
1329 1476 1732 1548 temporanea
1779 1460 1996 1521 condi-

294 1551 534 1626 derint,
582 1554 867 1634 sequenti
909 1556 1111 1636 capite
1156 1551 1454 1614 brevibus
1488 1572 1887 1636 exponemus.

470 1639 515 1716 ᾗ.
567 1641 620 1707 4,
671 1642 894 1699 Status
930 1645 1137 1716 Belli,
1199 1655 1261 1699 et
1298 1643 1597 1700 memoria
1637 1642 1999 1714 Principum

300 1731 618 1786 Virorum.
714 1728 897 1786 Facta
966 1732 1223 1811 Imperii
1301 1732 1571 1790 Romani
1659 1728 1997 1797 divisione,

296 1837 446 1876 mox
496 1812 780 1875 occidens
834 1815 1249 1877 horribilibus
1282 1818 1487 1876 turbis
1539 1839 1737 1900 usque
1782 1814 1858 1874 ad
1907 1815 2003 1871 in·-

300 1905 724 1963 ternecionem
761 1903 1019 1963 afflictus
1043 1920 1166 1978 est,
1212 1918 1345 1964 tum
1379 1905 1642 1965 internis
1678 1902 1854 1963 malis
1889 1900 2001 1960 do-

297 1993 566 2052 mesticis
605 2012 682 2050 ex
727 1989 1074 2054 defectione
1116 1993 1348 2053 ducum.
1407 2015 1754 2078 purpuram
1800 2012 2002 2050 sume-

299 2102 370 2140 re
403 2079 839 2140 meditantium
879 2084 1157 2156 coortis,⁴
1192 2096 1327 2141 tum
1368 2079 1827 2141 incursionibus
1857 2078 2004 2137 bar-

303 2167 621 2228 harorum.
669 2168 1001 2250 Signanter
1052 2183 1256 2230 autem
1304 2172 1540 2254 primus
1590 2166 2002 2228 Occidentalis

308 2260 659 2339 Imperator
737 2259 1061 2317 Honorius
1137 2258 1427 2317 undecim
1509 2277 1701 2316 annos
1781 2269 2003 2328 natuS,

311 2343 570 2426 ignavus
609 2357 717 2404 aut
756 2344 970 2406 infelix
1021 2346 1174 2407 adeo
1221 2367 1402 2406 suum
1440 2347 1743 2405 Tutorem
1799 2345 2006 2402 Stilli-

305 2453 515 2490 eonem
578 2434 821 2514 origine
875 2434 1231 2496 Vandalum
1288 2434 1520 2510 coluit,
1588 2434 1664 2514 b)
1727 2446 1797 2492 ut
1855 2431 2008 2492 duas

308 2517 438 2602 ejus
479 2519 632 2580 filias
665 2524 960 2581 Mariam*
997 2538 1059 2583 et
1098 2526 1503 2582 Ermantiam
1539 2522 1881 2582 successive
1927 2521 2010 2579 si·-

307 2608 374 2668 bi
417 2606 850 2692 desponsaret,
916 2633 1073 2692 quae
1114 2625 1320 2672 tamen
1362 2610 1581 2672 ambae
1621 2624 1762 2671 ante
1817 2630 2010 2692 copu-

310 2695 435 2758 lam
486 2702 796 2761 extinctae
843 2713 1053 2760 erant:
1105 2716 1230 2760 tam
1298 2715 1506 2761 arctae
1552 2699 1826 2758 affinitati
1882 2719 2009 2756 non

1772 2806 1922 2845 con-

374 2961 448 3024 a)
490 2958 821 3013 Anastasius.
857 2961 915 3012 in
951 2961 1248 3033 Stephano.
1284 2959 1555 3014 Marsilius
1591 2957 1896 3010 patavinus.
1939 2955 2006 3041 df

440 3029 686 3151 tragilat.
733 3031 974 3104 Imperii.
1022 3045 1066 3085 οι
1128 3031 1177 3089 7.
1231 3042 1285 3085 et
1343 3030 1396 3087 ὅ.
1450 3027 1519 3103 b)
1559 3028 1805 3085 Orosius.
1860 3028 1923 3082 L.
1962 3036 2006 3078 f.

444 3117 491 3151 Co
596 3136 617 3153 Ἴο
