2097 3726
394 164 429 226 5
440 168 471 224 8
486 182 518 221 2
860 161 1159 224 Historia
1203 162 1461 242 Imperii

303 339 566 426 praedas
635 337 900 401 reddere
976 341 1315 402 voluerunt
1348 385 1364 416 ‚
1425 333 1613 399 modo
1668 332 2005 398 incolumes

303 428 515 489 redire
559 430 988 511 permitterem
1023 450 1147 512 qua
1180 429 1408 514 rejecta
1431 472 1446 501 ,
1479 428 1762 508 Hungari
1796 430 1860 484 in
1893 423 2000 484 dc·-

303 518 720 600 sperationem
773 521 929 591 aeti,
990 519 1178 579 Italos
1231 540 1456 600 magna
1507 515 1683 577 clade
1737 516 2003 574 attrive-

302 620 491 680 runt,
540 604 831 666 felicitate
889 629 1212 666 armorum
1272 607 1563 681 animati,
1621 605 1954 665 Tarvisum
1990 645 2007 676 ,

303 692 698 768 Vicentiam‚
758 697 1082 754 Patavium
1140 708 1202 755 et
1243 696 1539 756 Venetias
1586 692 1765 754 foeda
1806 714 2008 775 popu-

302 780 533 843 latione
591 782 1056 860 deformarunt3
1101 782 1353 844 demum
1391 797 1639 867 accepta
1686 804 1720 840 a
1764 784 2003 842 Beren-

292 875 489 950 gario
559 873 780 953 grandi
840 874 1138 956 pecunia,
1199 893 1357 930 auro
1427 892 1554 932 non
1608 873 1796 931 armis
1849 871 1999 932 victi

313 959 573 1019 domum
638 960 984 1021 redierunt.
1072 961 1140 1040 a)
1203 961 1327 1041 Qui
1391 959 1795 1043 sequentibus
1829 962 2006 1018 annis

304 1049 369 1107 in
417 1049 822 1109 Germaniam
871 1050 1182 1109 irruentes
1220 1050 1358 1130 pari
1409 1050 1814 1133 populatione
1852 1071 2005 1108 cuna·

300 1152 401 1197 cta
437 1137 860 1220 impleverunt
883 1182 899 1212 ‚
945 1136 1178 1219 quibus
1214 1139 1568 1196 Lacloviezcs
1594 1136 1670 1196 ad
1692 1137 2001 1221 oppidum

307 1227 667 1306 Augspzcrg
687 1248 750 1286 se
767 1229 1081 1310 opposuit,
1098 1222 1203 1287 sed
1224 1225 1455 1286 infelici
1473 1248 1750 1287 successu
1766 1245 1974 1287 caesus
1992 1268 2010 1298 ,

304 1314 810 1375 florentissimam
856 1315 1230 1376 Germaniae
1281 1328 1524 1398 partem
1573 1317 1815 1390 amisit,
1878 1316 2008 1374 imo

307 1404 547 1487 aliquot
581 1403 862 1464 cladibus
914 1404 1181 1487 acceptis
1207 1446 1224 1477 ,
1269 1405 1382 1462 vix
1418 1427 1584 1463 anno
1615 1403 1858 1463 decimo
1895 1425 2007 1486 pe-

304 1495 491 1551 cunia
543 1506 605 1553 et
653 1495 959 1577 promisso
989 1515 1202 1553 annuo
1244 1491 1486 1553 tributo
1524 1513 1852 1553 removere
1886 1514 1999 1574 po—

306 1583 445 1640 tuit.
538 1581 602 1659 b)
681 1583 843 1642 Cum
923 1584 1176 1642 interim
1246 1583 1309 1638 in
1371 1582 1550 1641 Italia
1615 1583 1998 1640 Lambertas

312 1673 612 1728 Gnidom's
672 1668 833 1730 filius
889 1692 1012 1754 ope
1058 1668 1375 1732 Pontificis
1421 1671 1764 1754 Imperium
1831 1690 2003 1729 rece-

309 1761 439 1843 pit,
482 1759 585 1817 cui
646 1761 849 1818 occiso
886 1760 1323 1837 Berengarizcs
1368 1757 1447 1820 de
1485 1781 1654 1819 novo
1697 1778 2003 1818 successe—

305 1861 420 1906 rat.
510 1846 611 1906 Ob
654 1867 811 1929 quos
850 1845 1120 1908 infelices
1162 1867 1510 1919 successus,
1549 1861 1612 1907 et
1650 1859 1835 1930 turpe
1885 1847 2001 1904 tri-

307 1934 539 1995 butum'
585 1936 999 2017 promissum,
1053 1937 1409 1995 Luclovicas
1462 1959 1498 1994 a
1549 1935 1674 1995 suis
1722 1948 2002 1995 contem-

309 2038 485 2108 ptuS‚
533 2044 609 2083 ex
655 2044 946 2083 moerore
993 2025 1180 2083 animi
1235 2021 1495 2085 decessit
1528 2070 1544 2100 ,
1609 2046 1705 2083 an.
1753 2023 2007 2105 imperii

316 2117 414 2173 12.
461 2113 675 2172 aetatis
729 2113 824 2173 19.
848 2132 991 2170 cum
1014 2135 1142 2193 quo
1173 2112 1359 2195 stirps
1402 2114 1807 2190 Carolingica
1854 2113 2003 2173 911.

311 2202 496 2284 plane
570 2196 812 2262 defecit.
878 2201 940 2277 c)
1000 2201 1140 2260 Hoc
1208 2215 1490 2284 tempore
1550 2201 1852 2260 Germani
1923 2197 2010 2260 oh

311 2288 672 2373 frequentes
744 2289 1198 2371 Hungarorum.
1247 2291 1634 2350 incursiones
1701 2310 1874 2349 arces
1949 2301 2013 2348 et

310 2377 617 2464 praesidia
669 2379 733 2438 in
798 2376 1118 2436 montibus
1182 2399 1418 2461 ponere
1490 2389 1838 2461 coeperunt
1877 2422 1894 2450 ‚
1944 2377 2010 2436 in

315 2489 477 2550 quae
530 2488 593 2527 se
652 2480 714 2527 et
754 2487 852 2528 res
889 2465 1236 2543 salvamina,
1268 2488 1552 2551 quorum
1581 2464 1815 2530 rudera
1858 2463 2009 2526 hinc

314 2554 460 2617 inde
496 2569 559 2617 et
617 2551 804 2618 hodie
836 2557 1148 2618 visuntur.

1841 2644 1922 2704 X.

383 2816 457 2890 a)
497 2816 706 2887 Regino
743 2816 811 2869 ad
843 2836 935 2874 an.
966 2815 1093 2873 901.
1130 2817 1454 2889 Luitprand.
1493 2820 1556 2872 L.
1608 2816 1661 2874 2.
1713 2836 1760 2869 c.
1809 2813 1863 2871 4.
1937 2813 2006 2881 h)

456 2887 638 2952 Idem,
688 2886 827 2943 ibid.
871 2908 916 2941 c.
954 2889 1004 2941 6.
1057 2888 1267 2956 Regino
1320 2889 1580 2944 Prunien.
1634 2887 1874 2940 desimit.
1919 2903 2005 2936 an.

455 2957 576 3011 905.
636 2958 747 3026 ejus
797 2959 1163 3010 continuator.
1236 2961 1466 3012 Marian-
1526 2959 1739 3010 Scotus.
1821 2956 2008 3010 Laod),

457 3027 657 3079 Sohaff.
684 3030 944 3082 Hermam.
981 3030 1253 3081 Gonu-act.
1307 3029 1375 3103 c)
1413 3030 1681 3087 Hcrman.
1723 3028 2006 3082 Contract-

454 3099 587 3150 Ouo
625 3098 855 3170 Frismg.
894 3102 958 3154 L.
994 3099 1044 3152 6.
1076 3119 1124 3155 ο.
1165 3097 1249 3156 15.
