2097 3726
599 170 879 226 Romano
925 168 1297 230 Germanici.
1568 175 1600 232 4
1613 174 1645 234 5
1665 201 1682 240 ι

85 367 226 403 rum
267 344 487 404 luxum
511 360 540 416 ,³
573 343 732 417 otia,
781 340 1279 423 mendicitatem3
1319 347 1597 422 Mariae,
1632 345 1785 406 San-

80 447 368 507 cicorum,
416 447 478 495 et
524 431 964 515 Reliquiarum
1008 432 1261 501 cultum,
1310 437 1430 508 Qui
1473 458 1592 494 una
1639 456 1784 496 cum

78 525 200 583 suis
236 522 440 582 fautm
445 520 622 595 ibus
667 535 986 601 tamquam
1010 522 1297 604 politicae
1329 523 1773 608 ranquillitatis

79 611 370 671 turbatm
404 609 481 670 ad
525 631 747 691 logum
797 609 1121 670 damnatus
1167 627 1272 674 est.
1343 612 1531 697 Cujus
1572 628 1781 675 tamen

80 697 367 783 discipuli
412 697 863 783 quamplulimi
903 720 982 760 ex
1030 700 1257 783 Anglia
1299 702 1467 783 pulsi
1509 704 1574 761 in
1619 705 1785 763 Ger-

78 792 348 848 maniam
384 800 444 849 et
481 784 842 847 Bohemiam
868 789 1210 865 venienteS,
1247 789 1506 852 eandem
1546 789 1783 851 doctri-

77 900 218 936 nam
259 889 722 962 propagarunt,
764 898 953 961 quam
988 878 1257 938 Joczmzes
1305 881 1486 939 IIass
1525 894 1588 941 et
1622 883 1781 938 ffe-

76 989 375 1042 roriymccs
417 969 760 1043 Pragensis
801 965 1187 1030 Professores
1240 967 1424 1029 avide
1470 971 1781 1054 arripien-

76 1069 165 1114 tes
193 1100 209 1129 ,
244 1058 607 1131 primordia
658 1059 1156 1132 Refer-mationis
1200 1070 1562 1139 posuerunt.
1654 1059 1782 1118 Re-

72 1143 466 1205 nascentibus
517 1145 686 1206 enim
744 1144 942 1207 literis
991 1143 1215 1205 discuti
1282 1149 1490 1230 coepit
1536 1144 1781 1228 caligo,

72 1255 198 1314 qua
258 1232 549 1295 hactenus
607 1233 900 1294 abusibus
963 1237 1152 1295 variis
1204 1250 1443 1297 mentes
1505 1237 1781 1296 irretitas

71 1321 332 1404 plurimi
372 1337 743 1399 tenuernnt3
782 1324 1065 1406 quamvis
1096 1338 1304 1384 autem
1340 1325 1405 1383 in
1435 1326 1570 1409 ipso
1593 1336 1780 1407 partu

70 1412 337 1470 Joannis
377 1415 584 1470 Hussi
627 1409 914 1472 doctrina
956 1432 1282 1496 suppressa
1326 1428 1523 1491 esset3
1569 1426 1780 1472 tamen

70 1497 272 1559 adhuc
337 1500 686 1560 multorum
745 1501 968 1561 animis
1045 1498 1459 1562 adhaerebat:
1539 1500 1779 1561 invale-

71 1587 385 1649 scentibus
425 1592 596 1650 enim
637 1589 843 1665 vitiis,
887 1589 1106 1672 jugum
1146 1592 1580 1650 Romanorum
1614 1590 1782 1649 Pon-

70 1675 305 1738 tificum
348 1678 559 1738 multis
593 1676 989 1739 intolerabile
1033 1677 1411 1753 videbatur,
1456 1677 1597 1739 ideo
1640 1699 1780 1761 pas-

70 1769 187 1827 sim.
249 1767 561 1826 communi
588 1762 900 1829 desiderio
937 1764 1015 1826 ad
1054 1765 1438 1828 sufferendos
1477 1768 1542 1826 in
1569 1765 1778 1826 'Mori-

71 1854 186 1915 bus
226 1870 288 1915 et
325 1854 670 1941 Disciplina
706 1855 1128 1917 Ecclesiastica
1176 1855 1434 1933 abnmm,
1473 1854 1798 1940 optabant*

69 1944 488 2006 universalem
561 1945 1095 2020 Refer-mationem
1172 1949 1239 2003 in
1310 1947 1532 2023 Capite
1589 1956 1651 2003 et
1712 1946 1779 2001 in

69 2036 393 2096 Membris,
483 2035 725 2095 Verum
780 2057 910 2095 non
980 2033 1169 2106 fidei,
1206 2056 1368 2117 quae
1420 2031 1591 2093 nulla
1645 2055 1774 2093 esse

67 2135 304 2208 potest,
352 2122 459 2184 sed
514 2145 764 2183 morum
814 2137 877 2185 et
921 2121 1323 2207 Disciplinae.
1415 2123 1592 2184 Inter
1642 2134 1778 2180 tan-

68 2226 159 2271 tas
212 2213 405 2294 igitur
461 2210 757 2272 odiorum
818 2224 880 2273 et
917 2214 1271 2273 animorum
1306 2212 1775 2282 contentiones»,

68 2301 200 2382 ipsa
242 2321 499 2382 quoque
546 2301 881 2359 Germania
932 2324 966 2359 a
1008 2302 1304 2359 Martino
1359 2302 1649 2360 Lachere
1716 2312 1778 2360 et

0 2416 1 2433 κ
69 2386 201 2468 ejus
227 2387 637 2448 sectatoribus
660 2409 1041 2471 magnopere
1058 2387 1452 2450 turbabatur.
1471 2389 1616 2450 Fuit
1640 2392 1774 2448 Lu-

0 2534 1 2550 }
68 2477 290 2534 theras
338 2474 678 2537 Monachus
725 2477 1216 2560 Augustinianus
1272 2492 1337 2539 et
1395 2477 1771 2558 Theologiae

11 2570 17 2576 ’
70 2565 307 2624 Doctor
361 2566 422 2624 in
480 2564 976 2649 Wittebergensi
1041 2564 1410 2642 Academia,
1473 2569 1573 2626 vir
1624 2564 1771 2624 alias

70 2654 554 2736 imperterrituQ
585 2654 862 2736 primum
901 2668 1119 2713 contra
1155 2653 1516 2736 Dip'lomata
1538 2656 1769 2714 Leonis

66 2741 147 2800 X.
201 2741 520 2802 Pontificis
549 2789 564 2815 ‚
634 2744 854 2824 vigore
900 2765 1175 2825 quorum
1216 2745 1656 2821 Indulgentiae
1705 2745 1769 2800 in

68 2829 402 2890 Germania
451 2854 486 2889 a
530 2834 766 2890 Ioanne
829 2835 1096 2891 Tetzelio
1162 2831 1574 2892 Dominicano
1612 2852 1771 2915 pro-

66 2917 511 3002 mulgabantul
534 2967 550 2994 ,
598 2919 916 3004 disputare
972 2922 1178 3005 coepit
1220 2942 1314 2979 an.
1373 2923 1556 3000 1517.
1599 2941 1764 2980 cum-

72 3028 202 3091 que
243 3011 428 3075 etiam
477 3010 705 3071 abusus
761 3011 1144 3071 Praeconum
1173 3009 1410 3146 ⁹palam
1462 3011 1768 3093 inpugna-

1051 3087 1204 3159 ff2
1551 3108 1689 3169 ret,
