2097 3726
411 244 524 302 170
845 226 1444 282 IIistorla

303 420 490 480 quam
527 399 590 454 in
625 393 818 478 majus
850 397 1179 460 discrimen
1218 401 1437 460 adduci
1470 403 1738 483 potuisse
1775 399 1984 459 Eccle-

302 490 493 557 siam,
560 508 743 566 quam
799 487 912 545 sub
956 487 1069 549 hoc
1125 490 1347 550 callido
1404 492 1816 571 Imljieratore,
1880 490 1989 569 qui

296 575 594 633 contiuuo
643 575 957 656 religionis
1007 577 1399 638 fundamenta
1447 579 1750 638 subruere
1794 598 1984 635 cona-

301 662 500 719 batur.
553 664 791 734 Quibus
833 669 1014 740 actis,
1061 666 1210 726 dum
1255 670 1483 744 Sapori
1532 664 1608 724 Il.
1663 667 1991 725 Persarum

299 753 469 827 regi,
520 755 624 832 qui
676 753 1106 811 Constantiam
1152 755 1269 836 jam
1313 769 1487 815 antea
1530 757 1765 835 magnis
1803 753 1999 811 detrin

296 842 519 898 mentis
584 840 906 915 affecerat,
988 843 1222 903 bellum
1279 843 1573 916 inferret,
1641 841 1992 925 complura-

302 949 427 1008 que
483 928 963 1010 Mesopotamiae
1003 930 1133 990 loca
1183 947 1610 1015 expugnaret,
1680 931 1766 1007 a)
1830 929 1991 987 ultra

302 1018 543 1098 Tigrim
584 1038 977 1099 progressuS,
1027 1042 1222 1101 quum
1260 1021 1584 1082 deficiente
1623 1041 1862 1078 annona
1900 1039 1999 1076 re·-

298 1103 498 1163 ditum
541 1120 830 1186 pararet,
879 1110 938 1166 in
990 1107 1181 1166 altera
1227 1131 1372 1167 cum
1425 1108 1699 1168 hostibus
1747 1128 1991 1189 pugna,

301 1195 410 1274 qui
451 1195 569 1252 iter
605 1191 734 1271 ejus
767 1195 1175 1255 morabantur
1199 1242 1213 1270 ,
1264 1199 1474 1278 ignoto
1509 1196 1708 1277 jaculo
1742 1215 1999 1278 percus—

307 1303 402 1339 sus
443 1283 685 1340 interiit
740 1279 854 1340 hoc
898 1283 1097 1343 dicto:
1162 1288 1370 1344 vicisti
1419 1288 1695 1344 Galilaea
1747 1308 1839 1341 an.
1888 1280 1995 1341 Ch.

309 1371 452 1430 565.
479 1372 611 1430 sine
649 1367 927 1431 haerede.
989 1374 1061 1452 b)
1113 1376 1459 1457 Imperator
1485 1372 1581 1433 hic
1621 1386 1922 1456 quantum
1967 1393 2002 1427 a

308 1457 675 1517 Christianis
748 1462 1181 1544 vituperatur,
1276 1476 1517 1520 tantum
1585 1462 1661 1521 ab
1730 1460 2004 1519 Ethnicis

308 1546 736 1627 Scriptoribus
777 1546 1065 1609 laudatur
1114 1551 1197 1610 ob
1255 1553 1685 1634 praestantiam
1737 1549 2001 1630 ingenii,

304 1631 773 1707 fortitudinem,
866 1638 1403 1713 moderationem,
1472 1639 1745 1721 aliasque
1809 1637 1997 1695 animi

306 1719 496 1782 doteS.

487 1814 541 1871 4.
591 1813 930 1881 Jonizmm,
995 1815 1248 1873 militari
1304 1815 1597 1896 suffragio
1645 1816 1998 1896 Imperator

308 1901 739 1972 renunciatuS,
788 1902 863 1979 c)
911 1917 1104 1983 prout
1147 1904 1262 1962 sub
1301 1907 1554 1963 Juliano
1595 1904 1875 1984 egregius
1930 1898 2002 1958 fi-

311 1987 409 2046 dei
460 1985 838 2049 Christianae
875 1988 1186 2051 confessor
1232 2006 1405 2065 erat,
1465 1994 1548 2051 ita
1595 2011 1758 2049 nunc
1799 1993 1996 2070 impe-

310 2078 480 2135 rium
544 2079 714 2158 prius
790 2079 1102 2161 suscipere
1172 2080 1408 2153 noluit,
1505 2102 1694 2161 quam
1769 2076 1995 2147 duces,

306 2186 645 2246 omnesque
676 2165 902 2226 milites
942 2188 1004 2226 se
1036 2165 1413 2229 Christianos
1451 2166 1586 2227 fore
1629 2164 2001 2251 profiteren—

307 2266 442 2327 tur,
544 2252 823 2335 adeoque
879 2255 1211 2338 praeclaris
1267 2257 1610 2315 virtutibus
1675 2253 1996 2338 praeditus

319 2343 654 2424 imperium
688 2363 924 2401 summa
956 2342 1133 2404 laude
1168 2343 1656 2412 administravit,
1701 2342 2004 2402 Ecclesiae

311 2427 717 2489 desideratam
757 2452 969 2513 pacem
1026 2434 1336 2508 restituit,
1405 2435 1785 2517 proscriptos
1827 2444 2005 2489 antea

1744 2517 1923 2578 Chri-

374 2687 449 2759 a)
488 2689 757 2741 Ammian.
792 2691 1031 2744 Marcell.
1066 2693 1127 2744 L.
1163 2689 1246 2744 23.
1282 2691 1368 2748 24.
1412 2692 1726 2758 Eutropius.
1766 2689 1861 2758 qui
1900 2707 2001 2739 ex-

447 2759 709 2828 peditioni
750 2761 1022 2816 interfuit.
1062 2763 1122 2814 L.
1162 2761 1245 2816 10.
1278 2764 1485 2815 Socrat.
1520 2763 1578 2813 L.
1612 2761 1662 2811 3.
1701 2781 1744 2812 c.
1782 2758 1863 2812 18.
1899 2758 2004 2809 So·-

445 2847 590 2886 zom.
625 2831 686 2881 L.
724 2829 772 2882 6.
808 2851 847 2881 e.
890 2830 935 2883 1.
989 2829 1060 2900 b)
1099 2832 1333 2883 Mortem
1371 2833 1482 2899 ejus
1519 2831 1809 2889 describit,
1867 2834 2002 2879 Am-

446 2900 614 2950 mian.
652 2900 893 2952 Marcell.
937 2903 994 2952 L.
1037 2902 1120 2953 25.
1158 2922 1205 2959 c.
1242 2902 1292 2956 4.
1339 2902 1541 2952 Zosim.
1579 2902 1640 2956 L.
1676 2899 1725 2952 3.
1766 2903 1999 2969 Eutrop.

443 2969 506 3020 L.
547 2968 632 3028 10.
683 2971 842 3023 aliter
876 2972 1172 3023 Christiani
1219 2971 1493 3033 referunt,
1548 2972 1629 3021 uti
1685 2972 1894 3023 Socrat.
1944 2979 1999 3020 et

447 3040 647 3091 Sozom
694 3040 754 3091 L.
810 3042 897 3092 cit.
948 3045 1012 3105 c)
1068 3043 1340 3094 Ammian.
1383 3043 1444 3092 L.
1487 3041 1576 3097 25.
1620 3060 1665 3092 c.
1707 3039 1755 3097 7.
1792 3041 2001 3092 Socrat.

454 3109 514 3161 L.
548 3108 597 3161 3.
635 3128 682 3161 e.
723 3109 804 3163 19.
859 3111 1073 3164 Sozom.
1110 3114 1170 3163 L.
1207 3112 1255 3163 6.
1295 3131 1340 3161 c.
1379 3109 1428 3160 3.
