2097 3726
381 157 410 171 Π

380 177 412 212 :7
424 179 452 232 7
464 154 502 211 6
848 147 1153 203 Historia
1189 147 1451 220 Imperii

285 326 459 383 rolus
490 341 640 381 mox
681 341 823 380 cum
863 321 1114 382 50.000.
1155 322 1435 382 exercitu
1468 340 1787 403 aggressus
1827 319 1987 380 Ger-

284 411 550 470 maniam
601 410 864 491 irrupit,
920 409 1088 470 unde
1127 423 1333 468 tamen
1373 432 1406 466 a
1460 411 1774 469 Laclovico
1819 407 1992 468 clade

285 501 526 570 victus,
594 500 768 579 turpi
815 496 964 580 fuga
1016 500 1080 557 in
1140 497 1406 556 Galliam
1461 499 1798 556 remeavit:
1879 497 1988 556 ubi

283 586 623 645 servandae
653 587 1002 646 securitatis
1047 590 1244 669 gratia
1276 589 1738 662 Bet-engariam
1775 585 1982 642 Foro—

284 674 682 756 juliensibus,
734 679 1035 733 Vidonem
1075 697 1230 735 vero
1264 674 1612 758 Spoletanis
1647 674 1849 732 Duces
1882 672 1989 732 de*

280 764 408 840 dit,
442 786 811 846 magnarum
845 762 1058 824 Italiae
1102 763 1437 822 turbarum
1484 776 1769 823 auctores
1810 760 1981 820 futu-

283 875 404 912 ros,
457 853 615 912 Nam
653 855 914 912 Carolus
967 854 1237 911 Crassus
1283 853 1688 934 Imperatoris
1733 853 1989 909 titulum

291 944 481 1001 Calvo
517 943 765 1024 eripere
806 941 1058 1013 volens,
1105 939 1315 998 valido
1357 963 1499 1001 cum
1542 942 1825 999 exercitu
1868 943 1990 998 Ita-

274 1028 419 1089 liam
472 1029 700 1105 subiit‚
762 1028 938 1111 cujus
979 1029 1239 1087 militari
1299 1032 1479 1112 copia
1532 1033 1792 1088 territus
1848 1030 1991 1084 Cal-

272 1141 423 1192 mm,
470 1121 602 1178 sine
642 1120 986 1178 certamine
1024 1120 1374 1177 exercitum
1414 1121 1702 1177 amittens
1746 1140 1824 1177 ex
1867 1120 1991 1174 Ita-

277 1206 358 1266 lia
415 1206 617 1290 sugit‚
693 1229 956 1290 eamque
1015 1206 1486 1265 Germanorum
1542 1205 1790 1289 praedis
1841 1203 1990 1264 reli—

276 1297 431 1378 quit.
496 1295 579 1374 a)
645 1296 768 1354 Has
805 1295 1168 1356 domesticas
1201 1292 1453 1353 insidias
1496 1293 1675 1354 brevi
1726 1308 1988 1355 externa

277 1387 372 1444 vis
418 1386 705 1467 excepit,
785 1387 1085 1444 Britones
1139 1385 1304 1443 enim
1371 1381 1763 1442 Francorum
1831 1382 1988 1441 fines

280 1495 410 1533 non
453 1473 644 1534 modo
685 1475 829 1556 igne
887 1487 1251 1544 vastarunt,
1322 1469 1429 1530 sed
1475 1473 1732 1554 insuper
1781 1475 1989 1553 Impe-

278 1565 507 1623 ratoris
543 1565 758 1622 castris
795 1576 858 1622 et
888 1560 1136 1646 praedis
1181 1560 1357 1618 ditati
1400 1574 1559 1618 sunt.
1609 1560 1682 1639 b)
1731 1562 1823 1619 Ex
1859 1559 1980 1616 alia

281 1671 439 1711 vero
466 1665 646 1734 parte
677 1654 861 1710 Rollo
899 1653 1111 1710 Danus
1141 1671 1286 1708 cum
1329 1649 1710 1708 Normannis
1744 1671 1796 1706 a.
1840 1648 1983 1726 876.

278 1740 347 1798 in
382 1751 580 1799 tantas
621 1740 933 1820 angustias
972 1741 1261 1798 Carolam
1302 1735 1578 1819 redegit,
1624 1753 1696 1796 ut
1727 1739 1781 1798 ei
1823 1737 1989 1795 Nor-

279 1830 595 1888 manniam
651 1849 795 1886 cum
850 1826 1061 1886 multis
1114 1823 1381 1885 urbibus
1427 1825 1836 1894 concederet,
1903 1827 1988 1882 ita

280 1931 507 1990 tamen,
542 1930 612 1977 ut
647 1917 997 1977 Normanni
1033 1914 1403 1996 religionem
1438 1911 1857 1974 Christianam
1891 1911 1988 1970 di-

278 2019 540 2067 scerent.
604 2003 882 2064 Tandem
932 2025 1134 2086 quum
1183 2006 1248 2060 in
1309 2001 1476 2062 bello
1536 2002 1818 2062 fraterno
1870 2023 1986 2084 per

275 2093 475 2177 Alpes
527 2096 589 2153 in
646 2092 909 2152 Galliam
964 2091 1248 2162 rediret,
1314 2093 1378 2150 in
1438 2089 1666 2151 febrim
1724 2091 1985 2163 incidit,

276 2185 376 2242 cui
417 2181 690 2243 medicus
747 2180 1019 2240 Judaeus
1080 2182 1407 2255 SedeciczS‚
1464 2202 1657 2262 quem
1712 2183 1985 2239 nimium

272 2270 611 2344 dilexerat,
658 2292 973 2330 venenum
1009 2272 1375 2354 porrigenS,
1421 2291 1497 2329 ex
1533 2291 1609 2328 eo
1644 2268 1982 2329 undecimo

273 2359 374 2420 die
401 2406 417 2433 ‚
462 2382 687 2442 nempe
729 2358 784 2418 6.
823 2358 1082 2419 Octobr.
1131 2360 1274 2436 877.
1321 2369 1610 2418 mortuus
1649 2371 1740 2418 est
1784 2361 1983 2441 impe-

272 2452 352 2513 rii
395 2473 444 2511 a.
493 2452 716 2523 tertio,
762 2449 976 2508 aetatis
1027 2449 1125 2507 57.
1172 2447 1247 2527 c)

1779 2632 1887 2694 VJ.

338 2810 408 2881 a)
446 2808 617 2908 Idem.
654 2806 897 2906 Aimoin.
940 2806 1094 2928 ibid-Ll
1126 2805 1194 2873 b)
1234 2805 1462 2929 Regino,
1487 2804 1784 2927 ‘Rogle'rigffl
1832 2809 1976 2927 Agri.

408 2882 1282 3022 agai-‚etmgliltsomFde‹en-1212.)
1322 2894 1560 3016 Ε’Ᾰὲἶῖἶιῗῖ
1589 2914 1763 3002 [323
1807 2895 1852 2928 ‘³'
1908 2898 1972 2930 ‘²'
