2097 3726
523 146 809 202 Roman-o
860 143 1235 201 Germanici.
1524 143 1558 201 4
1569 140 1650 202 65

36 341 228 404 quam
299 322 366 379 in
428 317 822 403 particulari:
913 341 1075 400 quae
1131 321 1339 379 omnia
1393 315 1751 379 distinctius

36 410 218 492 longe
242 407 513 469 stabilita
556 422 734 468 erant
770 430 822 475 a,
862 409 1047 470 1648.
1084 407 1510 492 pacificatione
1534 408 1750 470 WVest-

37 498 296 583 phalica.
347 501 668 558 Electores
712 495 776 555 hi
819 495 1128 557 habebant
1167 497 1257 578 jus
1291 501 1748 580 Imperatorem

37 588 288 650 creandi
323 601 385 647 et
427 586 906 662 exauctorandi3
969 589 1018 646 si
1061 586 1214 669 quid
1256 601 1461 647 tamen
1510 588 1752 645 evenis-

39 692 131 738 set
171 675 342 760 quod
403 675 480 734 ad
536 679 893 745 universam
953 675 1431 759 Rempublicam
1484 687 1689 758 specta
1720 711 1752 722 -

40 782 134 828 set
155 813 170 841 ,
220 764 282 824 id
313 766 595 826 Comitiis
628 768 757 826 sive
790 768 1233 825 universorum
1272 766 1566 824 ordinum
1600 784 1750 823 eon-

38 857 257 916 ventui
311 868 444 915 erat
498 853 1018 940 proponendum,
1078 854 1186 913 ubi
1225 852 1300 914 de
1344 854 1601 937 Imperii
1641 876 1752 913 ne—

37 947 221 1030 gotiis
275 942 544 1028 publicis
585 944 1088 1017 consultabatur,
1133 956 1196 1004 et
1228 942 1747 1016 soncludebatur,

35 1031 386 1117 cujusmodi
446 1033 711 1094 Comitia
770 1057 847 1095 ex
904 1031 1105 1093 trihus
1157 1032 1456 1092 membris
1509 1045 1752 1091 consta·-

36 1123 219 1183 bant:
298 1121 594 1185 videlicet
660 1135 896 1200 septem
951 1122 1386 1196 Electoribch,
1468 1121 1575 1203 qui
1633 1121 1750 1179 sub

45 1213 351 1290 Gregorio
406 1214 488 1270 X.
526 1217 691 1274 circa
729 1236 825 1272 an.
883 1215 1070 1274 1273.
1114 1233 1256 1271 cum
1311 1209 1752 1294 probabilitate

39 1304 322 1386 primum
374 1302 686 1378 instituti,
748 1301 891 1363 dein
942 1325 974 1360 a
1024 1303 1247 1359 Carolo
1301 1303 1422 1358 IV.
1475 1303 1754 1382 Impera-

39 1404 179 1450 tore
240 1387 590 1452 confirmati
641 1406 785 1451 sunt
843 1391 1100 1451 solemni
1145 1389 1316 1448 Bulla
1369 1409 1588 1465 aurea3
1663 1389 1751 1468 a)

37 1479 277 1562 quibus
318 1478 461 1539 solis
503 1483 807 1565 competit
839 1480 1244 1561 Imperatoris
1281 1477 1536 1553 electi03
1572 1491 1752 1537 erant

37 1583 247 1628 autem
306 1568 444 1628 VII.
506 1570 819 1630 Electores
877 1567 972 1627 hi:
1053 1573 1096 1627 I.
1158 1565 1358 1626 Archi
1408 1566 1752 1650 Episcopus

37 1658 459 1736 Mega-atinus
499 1658 758 1743 Imperii
792 1658 1059 1718 Romani
1098 1654 1294 1716 Archi
1334 1655 1753 1717 Cancellarius

38 1768 155 1831 per
186 1746 606 1806 Germaniam.
645 1749 723 1808 II.
762 1744 957 1806 Archi
1000 1746 1114 1828 Ep.
1151 1746 1581 1819 Trevirensis,
1631 1747 1752 1802 Im-

38 1836 203 1920 perii
250 1835 432 1894 Rom.
483 1835 684 1896 Archi
735 1835 1150 1896 Cancellarius
1211 1856 1328 1917 per
1383 1832 1646 1891 Galliam
1693 1841 1757 1893 et

39 1925 332 2007 Regnum
385 1924 766 1986 Arelatense.
816 1926 925 1985 ΙΙΙ.
985 1921 1181 1983 Archi
1240 1924 1350 2006 Ep.
1409 1922 1754 1982 Colonien-

40 2014 155 2084 sis,
223 2010 418 2073 Archi
478 2012 897 2075 Cancellarius
956 2036 1071 2097 per
1136 2011 1393 2072 Italiam.
1445 2013 1551 2072 IV.
1611 2012 1752 2070 Rex

1 2098 417 2177 'Bohemiae,
503 2104 765 2187 Imperii
826 2105 1007 2163 Rom.
1076 2099 1600 2185 Archipineerna.
1672 2102 1749 2161 V.

41 2192 264 2250 Comes
323 2191 630 2251 Palatinus
677 2190 920 2268 Rheni,
985 2192 1247 2276 Imperii
1302 2192 1486 2250 Rom.
1525 2187 1755 2250 Archi-

42 2276 306 2360 dapifer.
361 2279 470 2338 VI.
527 2282 672 2338 Dux
731 2281 1074 2355 Saxoniae,
1167 2280 1430 2363 Imperii
1486 2280 1753 2340 Romani

44 2363 660 2426 Archimarschallus.
748 2369 886 2428 VII.
948 2364 1231 2427 Marchio
1304 2366 1752 2430 Brandenbur-

44 2456 281 2538 gensis,
328 2457 584 2539 Imperii
628 2457 808 2516 Rom.
853 2454 1442 2516 Archicamerarius.
1509 2456 1753 2529 Quibus

44 2564 201 2628 pace
255 2543 679 2629 Westphalica
735 2543 980 2605 additus
1040 2543 1163 2604 fuit
1224 2544 1392 2603 VIII.
1457 2547 1751 2606 BavaruS.

52 2635 400 2692 Secundam
455 2637 809 2693 flIembr-zcm
859 2635 1274 2694 Comitiorum
1331 2646 1467 2693 erat
1512 2635 1753 2693 Princi-

46 2742 200 2805 pum
262 2721 547 2782 virorum
602 2737 665 2785 et
717 2722 1082 2800 Nobilium,
1169 2742 1299 2806 quo
1349 2722 1754 2805 pertinebant

1562 2810 1665 2870 alii

118 2976 195 3054 a)
231 2982 485 3038 Ostendit
523 2983 900 3057 Onupbrius
885 3005 942 3038 m
974 2982 1220 3038 Comitiis
1257 2984 1758 3055 Imperat01iiS.et

189 3052 423 3109 Joannes
460 3058 782 3113 Aventinus,
822 3058 921 3112 His
901 3066 968 3114 t.
1010 3057 1284 3113 Bavariae.
1316 3057 1385 3111 L.
1424 3055 1475 3108 5.
