2097 3726
547 261 828 316 Romano
886 259 1243 316 Germanici
1251 307 1261 316 .
1557 263 1631 321 48
1648 280 1670 320 1

62 434 174 515 qui
206 452 349 516 pars
391 436 638 518 imperii
688 446 860 507 erat,
907 434 1065 516 Regi
1112 433 1349 496 Galliae
1393 423 1768 500 vendiderit.

64 519 249 594 Quod
296 521 616 595 Silesiam‚
662 523 980 583 Lusatiam
1021 522 1290 606 aliasque
1335 529 1617 608 regiones
1654 529 1774 588 Bo-

59 607 298 671 hemiae
329 609 703 696 adjunxerit.
756 610 940 684 Quod
979 609 1323 671 Marchiam
1365 613 1775 676 Brandebur-

59 701 260 781 gicam
318 720 435 781 pro
489 699 618 759 filio
674 720 788 758 suo
859 701 1259 777 Sigismmzdo
1315 703 1397 782 a)
1450 726 1566 786 pro
1623 708 1767 767 200.

60 784 338 846 millibus
377 789 580 848 aureis
617 789 858 848 emerit.
907 787 1089 859 Quod
1126 786 1319 849 filium
1360 813 1540 850 suum
1582 794 1772 851 Weri-

60 879 334 934 ceslazcm
400 897 596 959 regno
654 877 861 935 minus
917 875 1207 936 idoneum
1237 923 1252 949 ‚
1355 901 1769 942 successorem

61 967 338 1047 Imperio
394 964 773 1037 obtruserit,
870 964 1128 1047 singulis
1183 966 1570 1028 Electoribus
1632 974 1771 1031 100.

58 1051 253 1113 millia
297 1075 633 1115 aureorum
672 1053 1138 1138 promittend03
1202 1056 1280 1134 b)
1322 1056 1396 1115 ad
1429 1080 1617 1139 quam
1658 1081 1765 1142 pc-

60 1144 308 1201 cuniam
356 1141 856 1226 conquirendam
918 1144 1014 1205 16.
1059 1143 1314 1227 Imperii
1359 1146 1567 1206 Urbes
1618 1171 1769 1208 ven·

61 1228 332 1306 diderit,
403 1245 465 1291 et
501 1230 750 1315 publica
793 1231 1052 1314 Imperii
1101 1234 1424 1316 vectigalia
1465 1239 1771 1318 oppigno-

57 1322 332 1380 raverit:
404 1320 635 1403 quibus
676 1318 875 1380 modis
925 1321 1272 1402 Imperium
1315 1321 1582 1383 debilius
1626 1324 1766 1385 red—

57 1406 260 1470 ditum
310 1408 444 1468 fuit.
512 1410 777 1469 Interim
830 1421 1037 1469 tamen
1097 1411 1451 1493 complures
1503 1414 1766 1474 rebelles

57 1496 266 1560 Urbes
301 1499 669 1581 composuit.
718 1499 966 1576 Anglos
1006 1498 1249 1582 praedis
1283 1516 1557 1577 onustos,
1593 1502 1765 1585 fuga-

57 1587 167 1646 vit.
217 1591 512 1646 Lucanos
549 1588 714 1646 vicit.
786 1590 1072 1646 Ottonem
1114 1589 1428 1648 Bavarum
1475 1591 1768 1674 profliga-

57 1677 166 1734 vit.
227 1677 526 1736 Omnium
577 1688 786 1736 autem
825 1673 1257 1736 difficillimum
1301 1676 1538 1738 bellum
1585 1683 1769 1763 gessit

57 1765 133 1844 c)
180 1780 400 1824 contra
465 1766 824 1840 Philippum
893 1765 1185 1824 Austriae
1247 1765 1506 1844 ducem3
1597 1767 1769 1850 quod

58 1849 331 1928 demum,
349 1855 624 1937 coruptis
661 1851 792 1936 ejus
829 1851 1094 1913 ducibus
1128 1852 1390 1915 feliciter
1418 1878 1567 1937 pace
1596 1878 1768 1919 com*

56 1944 305 2024 posuit,
390 1955 452 2002 et
499 1939 864 2003 Proditores
905 1941 1091 2002 duces
1144 1941 1512 2005 adulterinis
1551 1969 1768 2007 mone-

58 2032 136 2089 tis
192 2033 659 2092 excontentavit
711 2031 950 2093 dicens:
1031 2052 1148 2092 nec
1198 2032 1322 2093 alio
1372 2038 1528 2095 auro
1577 2059 1766 2118 quem

54 2117 447 2195 adulterino,
529 2132 734 2181 vestra
780 2120 968 2202 digna
1025 2134 1119 2181 est
1165 2121 1443 2206 perfidia.
1522 2122 1767 2197 Quibus

56 2207 298 2270 confusi
334 2207 688 2292 proditores
737 2211 803 2268 in
844 2208 1101 2270 latibula
1152 2209 1579 2274 discesserunt.
1643 2213 1766 2273 De-

59 2318 232 2357 mum
273 2300 530 2356 Corolas
571 2311 835 2359 aetatate
879 2297 1110 2359 fractus
1135 2345 1152 2374 ‚
1207 2324 1258 2359 a.
1299 2304 1487 2363 1278.
1532 2305 1768 2384 Pragae

59 2399 344 2447 mortuus
379 2398 488 2461 est,
522 2388 780 2471 Imperii
817 2389 916 2447 52.
951 2385 1128 2470 cujus
1154 2388 1558 2470 Symbolum:
1606 2394 1766 2469 opti-

61 2494 228 2534 mum
267 2477 475 2534 aliena
516 2477 772 2534 insania
798 2476 966 2550 frui.

237 2563 570 2624 XXXVII.
645 2567 1053 2624 Wenceslaus
1110 2577 1288 2647 patre
1357 2568 1579 2628 Cat-olo
1645 2570 1766 2628 IV.

67 2664 270 2714 matre
301 2652 487 2711 Anna
530 2653 715 2716 1561.
758 2666 971 2727 natus,
1018 2653 1192 2714 velut
1225 2653 1380 2715 alter
1421 2658 1483 2714 in
1524 2658 1768 2717 oriente

850 2740 951 2802 hh
1443 2747 1681 2822 0ορνο-

132 2918 204 2978 a)
243 2914 558 2987 Cuspinian.
591 2915 836 2968 Andreas
867 2914 1123 2985 Angelus,
1150 2915 1206 2967 in
1236 2916 1435 2967 Annal.
1466 2915 1773 2969 Marchion.

202 2986 264 3038 L.
301 2984 355 3042 2.
409 3004 463 3058 p.
505 2985 622 3039 162.
673 3005 822 3060 seqq.
877 2985 944 3060 h)
981 2985 1300 3056 Cuspinian.
1338 2989 1564 3043 Aeneas,
1613 2986 1768 3058 Sylv.

198 3055 266 3106 de
305 3056 421 3109 reb.
484 3056 710 3112 Bohem.
747 3077 794 3112 c.
834 3054 922 3113 33.
973 3058 1043 3124 c)
1084 3056 1370 3112 crantzius
1415 3056 1474 3111 L.
1510 3057 1563 3116 9.
1599 3078 1643 3112 c.
1683 3056 1772 3115 37.

200 3127 265 3183 II·
304 3127 526 3184 Mutius.
562 3125 653 3182 fol.
697 3126 811 3183 285.
