2097 3726
334 245 456 287 120
788 212 1392 280 Historia

233 404 313 483 a)
362 416 616 486 pontem
655 402 1256 484 sumptuosissimum
1306 396 1604 458 Danubio
1666 399 1941 481 imposu-

231 496 320 566 it,
384 494 767 572 Daciamque
811 492 1150 573 ingressus,
1223 489 1667 547 Decembalcim
1704 488 1941 546 victum

232 603 430 663 regno
478 592 540 640 et
585 582 716 638 vita
773 580 966 639 exuit.
1031 580 1113 658 b)
1180 579 1528 661 Imperium
1559 572 1940 634 Parthorum

230 669 405 753 quod
443 667 737 728 hactenus
780 670 1084 727 invictum
1127 679 1419 738 steterat,
1468 667 1546 745 c)
1593 664 1938 724 destruxit:

228 782 354 842 qua
393 756 797 842 expeditione
836 756 1139 830 durante,
1187 753 1517 814 Antiochia
1558 768 1763 814 terrae
1802 775 1941 812 mo·-

228 864 297 907 tu
332 849 578 907 corruit
601 891 617 922 ,
664 845 838 929 cujus
867 848 1090 905 ruinae
1122 859 1433 928 spectator
1479 846 1804 918 Trajanzis
1838 863 1940 900 ae·-

231 960 382 1021 grae
425 934 782 1018 periculum
821 935 1032 993 evasit.
1081 934 1162 1013 d)
1212 936 1413 993 Porro
1441 955 1614 991 arma
1654 932 1940 990 victricia

227 1049 343 1110 per
385 1027 695 1084 orientem
761 1020 1299 1096 circumferendo,
1363 1021 1727 1080 Armeniam
1781 1041 1941 1102 quo-

228 1137 356 1197 que
396 1128 458 1173 et
496 1110 848 1186 Persidem,
896 1111 1279 1182 Seleuciam,
1326 1109 1767 1190 Babyloniam,
1810 1131 1943 1166 vma-

229 1207 596 1285 ximamque
637 1202 822 1261 Asiae
876 1213 1118 1283 partem
1174 1200 1442 1281 imperio
1482 1221 1596 1258 suo
1655 1197 1729 1275 e)
1773 1193 1943 1277 adje-

227 1295 345 1357 cit:
399 1315 522 1374 qua
560 1294 622 1349 in
673 1289 999 1361 felicitate,
1052 1301 1220 1347 tanta
1264 1300 1398 1346 erat
1432 1301 1638 1347 tamen
1675 1286 1804 1366 ejus
1846 1285 1944 1367 ju-

225 1385 423 1452 stitia,
500 1394 572 1439 ut
621 1402 819 1463 quum
877 1376 1151 1460 gladium
1211 1398 1329 1460 pro
1392 1396 1570 1435 more
1623 1374 1945 1435 Praefecto

227 1473 536 1531 Praetorii
574 1468 891 1542 traderet,
937 1468 1243 1526 continuo
1277 1462 1603 1548 adjecerit:
1654 1468 1795 1522 Hoc
1816 1488 1943 1542 pro

225 1583 355 1634 me,
423 1563 477 1618 si
509 1563 693 1636 jaste
724 1562 1117 1634 imperavero
1141 1579 1168 1627 ,-
1230 1558 1286 1611 si
1317 1575 1665 1629 perperam
1710 1566 1933 1610 contra

226 1672 321 1706 me
355 1659 549 1705 litere.
622 1648 917 1705 Ceterum
958 1642 1059 1702 hic
1100 1642 1377 1725 prudens
1417 1644 1716 1725 Princeps
1756 1642 1944 1702 belli-

226 1758 334 1797 cae
383 1736 655 1818 gloriae,
726 1736 912 1793 etiam
956 1732 1284 1817 politicum
1338 1732 1618 1812 regimen
1667 1730 1944 1807 addidit,

226 1827 338 1908 qui
397 1824 826 1885 moderatione
879 1836 941 1882 et
992 1820 1281 1880 libertate
1333 1841 1547 1879 omnes
1605 1842 1943 1903 superanS,

228 1916 439 1974 dicere
469 1913 740 1972 solebat:
805 1911 985 1971 talem
1027 1932 1091 1971 se
1128 1907 1290 1969 velle
1324 1908 1630 1992 praebere
1665 1911 1945 1991 Impera—

228 2019 432 2064 torem
470 2002 731 2085 privatis
755 2046 770 2073 ,
836 1998 1088 2083 qualem
1120 1994 1282 2079 'erga
1328 2019 1391 2058 se
1431 2019 1559 2058 esse
1595 1997 1945 2081 Imperato-

229 2115 366 2153 rem
408 2093 695 2176 privatus
737 2104 1022 2172 optasset.
1090 2088 1276 2146 Unde
1313 2085 1577 2144 invaluit
1616 2100 1947 2145 consvetu-

229 2183 310 2242 do
335 2227 351 2256 ,
413 2195 485 2240 ut
521 2182 584 2238 in
629 2180 859 2239 Senatu
913 2200 1038 2237 non
1078 2175 1260 2236 aliter
1297 2188 1509 2258 postea
1544 2174 1944 2259 Principibus

230 2271 677 2342 inclamarent,
748 2289 937 2349 quam
997 2268 1273 2323 Felicior
1328 2267 1657 2340 Auguste,
1725 2266 1944 2322 melior

238 2363 296 2417 T
289 2362 537 2432 rajanO.
625 2359 972 2416 Doctorum
1017 2355 1325 2413 Virorum
1370 2351 1792 2414 familiaritate
1833 2351 1946 2412 de-

229 2447 615 2519 lectabatur,
681 2466 824 2502 nam
872 2446 1223 2502 Cornelium
1272 2445 1598 2516 Tacitum,
1647 2445 1944 2514 Florum,

233 2541 545 2609 Solinum,
596 2535 745 2594 item
788 2535 1060 2592 Plinium
1077 2535 1396 2606 juniorem
1433 2527 1759 2612 Bithyniae
1790 2532 1944 2590 Pro-

1703 2640 1854 2678 con-

303 2802 374 2855 a)
443 2797 568 2852 Dio,
622 2795 765 2846 Cass.
828 2813 915 2864 ap.
963 2793 1182 2864 Xiphil.
1233 2793 1296 2845 L.
1347 2790 1432 2845 68.
1483 2793 1713 2860 Eutrop.
1766 2790 1826 2838 L.
1887 2787 1940 2842 3.

374 2868 565 2936 steph.
620 2867 954 2918 ZamosciuS.
1008 2863 1205 2915 Anual·
1258 2864 1447 2933 Antiq.
1497 2861 1733 2912 Dacicar.
1792 2879 1838 2911 c.
1889 2858 1940 2912 4.

380 2948 433 2988 et
466 2940 516 2992 5.
556 2935 622 3002 b)
664 2935 800 2987 Ibid.
825 2935 890 2986 de
922 2934 1395 3001 Sarmizegethusa
1417 2972 1430 2996 ,
1463 2932 1518 2983 in
1548 2931 1765 3000 leiam
1795 2929 1938 2980 Tra-

381 3008 556 3074 janam
596 3014 825 3057 mutata.
881 3009 946 3069 c)
989 3004 1207 3076 Xiphil.
1247 3002 1383 3058 fuse.
1423 3003 1484 3051 L.
1524 2999 1606 3052 68.
1659 2999 1731 3069 cl)
1770 2999 1940 3052 Idem.

384 3078 513 3129 ibid.
566 3076 813 3130 Orosius.
867 3077 927 3127 L.
969 3074 1014 3128 7.
1077 3096 1122 3126 c.
1168 3072 1251 3125 12.
1313 3075 1374 3137 e)
1430 3071 1649 3143 Xiphil.
1702 3071 1809 3127 loc.
1850 3070 1940 3122 cit.

380 3148 644 3200 Batonius
683 3147 767 3199 ad.
799 3163 929 3200 ann.
957 3144 1084 3198 407.
1114 3162 1266 3214 seqq.
