2097 3726
521 213 1312 268 Romanorum.
1608 209 1690 268 55

80 381 256 467 cujus
297 382 520 446 bellica
561 385 764 443 virtus
811 380 934 466 jam
978 381 1043 439 in
1092 382 1338 443 excidio
1390 378 1784 465 Carthaginis

79 477 425 551 enituerat3
470 472 644 557 cujus
678 475 867 534 etiam
905 469 1097 530 ductu
1134 473 1499 535 Numantini
1531 474 1682 532 victi
1722 487 1785 533 et

81 560 317 644 fugati,
383 563 643 647 plurimi
700 583 857 622 vero
910 562 1075 618 intra
1135 560 1330 620 Urbis
1383 583 1527 622 suae
1575 583 1790 621 muros

82 650 352 723 obsessi,
413 653 624 733 agnita
664 648 1101 734 desperatione
1153 664 1425 710 mortem
1477 650 1596 710 sibi
1639 673 1791 712 con-

85 741 441 815 sciverunt3
489 760 618 822 quo
656 752 940 823 tempore
976 736 1318 798 Numantia
1349 738 1433 798 ob
1471 738 1791 799 luxuriem

85 826 218 887 solo
263 841 356 888 est
391 841 692 912 aequata,
759 847 924 886 anno
967 847 1137 887 nono
1175 848 1376 910 quum
1412 849 1447 886 a
1490 828 1788 889 Romanis

85 914 424 977 defecisset.

258 1007 508 1063 Bellum
543 1007 781 1072 Set-vile
820 1006 886 1064 in
929 1005 1166 1067 Sicilia.
1236 1003 1405 1063 Dum
1444 1004 1510 1064 in
1546 1002 1793 1064 Lusita-

85 1093 189 1155 nia
226 1094 496 1153 Romani
548 1092 716 1154 'bello
754 1093 1144 1154 Numantino
1186 1089 1660 1170 detinerentur,
1719 1115 1795 1153 eo

92 1195 379 1264 tempore
418 1184 484 1242 iu
544 1182 759 1244 Sicilia
801 1185 1038 1241 Servile
1071 1183 1294 1241 bellum
1334 1196 1628 1243 exortum
1668 1195 1796 1242 est:

85 1268 261 1352 cujus
294 1291 476 1330 causa
523 1283 663 1332 erat
695 1273 917 1331 Eunus
956 1271 1211 1334 natione
1262 1271 1459 1353 Syrus
1483 1317 1500 1346 ‚
1558 1272 1672 1354 qui
1710 1269 1801 1330 fa-

87 1361 294 1421 natico
338 1359 471 1421 zelo
511 1360 744 1422 Servos
781 1359 860 1418 ad
911 1359 1271 1420 libertatem
1322 1373 1386 1420 et
1441 1381 1648 1431 arma,
1715 1360 1798 1417 si-

84 1447 323 1509 mulato
361 1448 711 1508 Numinum
744 1449 1013 1532 imperio
1054 1448 1408 1509 concitabat
1432 1492 1449 1523 ‚
1495 1467 1626 1530 quo
1663 1468 1803 1530 spe-

86 1538 258 1596 cioso
299 1536 485 1597 titulo
525 1540 714 1599 etiam
754 1540 1001 1619 regium
1039 1536 1297 1597 titulum
1342 1556 1623 1610 sumens,
1669 1534 1801 1595 col-

85 1624 262 1685 lectis
291 1626 476 1686 brevi
507 1627 704 1711 copiis
729 1671 746 1705 ,
806 1627 1116 1708 victisque
1175 1638 1452 1707 quatuor
1488 1624 1806 1684 Romano-

89 1735 236 1784 rum
272 1715 713 1790 Praet01·ibu8‚
779 1727 908 1776 tam
945 1711 1348 1778 formidabile
1386 1711 1626 1774 bellum
1667 1733 1806 1771 mo-

89 1804 227 1877 vit,
272 1803 360 1883 a)
406 1817 478 1862 ut
518 1803 788 1887 imperio
831 1801 1161 1863 Consulari
1211 1801 1474 1886 dignum
1517 1823 1805 1862 censere-

91 1905 233 1950 tur:
283 1889 519 1955 idcirco
549 1892 698 1953 licet
730 1892 936 1953 omnis
973 1891 1122 1953 belli
1157 1911 1310 1951 cura
1348 1893 1576 1955 Fulvio
1614 1893 1811 1954 Flac—

92 2003 163 2038 co
212 1980 469 2040 Consuli
521 1980 720 2043 fuerit
771 1979 1011 2054 delata,
1076 1994 1290 2042 tamen
1342 1982 1594 2043 nonnisi
1642 1999 1808 2038 anno

93 2067 248 2128 belli
285 2084 548 2151 quarto,
610 2092 718 2132 seu
762 2093 812 2128 a.
851 2073 931 2132 U.
971 2069 1119 2132 622.
1161 2093 1196 2130 a
1228 2073 1492 2149 Rupilio
1538 2066 1808 2129 Consule

96 2157 422 2242 profligari
463 2162 690 2242 potuit.
739 2159 820 2238 b)

273 2249 522 2306 Bellum
559 2270 698 2309 cum
745 2250 1142 2324 Aristonioe,
1209 2271 1261 2307 a.
1306 2248 1386 2307 U.
1431 2245 1576 2307 625.
1632 2241 1807 2326 cujus

98 2332 380 2394 evolutio
419 2350 511 2396 est
544 2358 847 2420 sequens:
898 2352 1237 2421 postquam
1269 2339 1648 2397 Philometor
1679 2336 1814 2392 Eu-

100 2425 294 2480 menis
330 2420 525 2498 filius,
584 2441 809 2509 patruo
833 2428 1055 2484 Attalo
1095 2425 1460 2499 mecedem,
1524 2421 1810 2483 odiosum

32 2545 38 2547 >
102 2533 288 2572 suum
331 2512 668 2595 imperium
709 2514 992 2596 quinque
1039 2517 1215 2575 annis
1256 2516 1594 2589 tenuisset3
1638 2533 1812 2571 mor-

102 2614 249 2661 tuus
290 2603 469 2683 regni
507 2604 602 2661 sui
641 2600 940 2662 heredem
973 2603 1284 2685 populum
1329 2603 1686 2664 Romanum
1721 2601 1817 2659 in-

101 2691 340 2753 stituit:
415 2688 593 2778 cujus
641 2690 876 2757 factum
920 2712 1106 2774 aegre
1152 2690 1360 2753 ferens
1414 2688 1816 2749 Aristonicus

1592 2778 1728 2837 Ecc-

179 2951 254 3023 a)
295 2952 416 3008 Liv.
458 2953 524 3008 L.
567 2951 658 3008 56.
707 2952 852 3006 Flor.
903 2953 967 3013 L,
1007 2950 1059 3008 3.
1112 2971 1155 3007 c.
1199 2948 1284 3007 19.
1337 2948 1405 3018 b)
1462 2950 1628 3007 Idem.
1678 2948 1816 3006 ibid.

260 3025 493 3095 Eun-op.
529 3025 593 3078 L.
633 3022 684 3081 4.
736 3024 982 3079 Orosius,
1031 3023 1094 3078 L.
1132 3024 1181 3082 5.
1233 3041 1279 3077 e.
1313 3020 1363 3076 9.
1404 3022 1632 3083 Diodor,
1672 3022 1819 3094 apud

251 3093 412 3150 Pllot.
452 3114 502 3166 p,
549 3093 703 3150 1164.
743 3113 895 3167 seqq.
