2097 3726
560 125 843 181 Romano
899 120 1281 178 Graecanici.
1565 124 1688 184 555

271 298 401 358 Sec.
460 298 634 356 XIV.
690 288 946 356 Praeter
999 317 1186 376 supra
1234 309 1606 358 memoratos
1657 298 1780 359 elc-

94 397 302 469 gantes
337 388 671 468 scriptores
719 383 837 443 hoc
893 406 1048 443 aevo
1092 384 1517 445 inclaruerunt
1584 390 1782 447 'I'lzeo-

93 483 280 535 dorus
334 476 705 534 stffetoclzites
744 472 822 533 de
860 474 1167 555 Principis
1218 473 1596 555 Logothetae
1640 479 1784 534 stir—

94 587 172 646 pe
208 609 224 638 ‚
275 561 450 644 cujus
509 563 717 621 laudes
791 562 1178 638 Niceplzoras
1248 564 1562 640 Gregorczs
1626 565 1813 623 l‘list.·

92 655 162 712 L.
214 656 263 711 7.
310 652 612 734 imprimis
650 647 860 710 refert.
904 687 986 695 —-
1031 652 1418 726 Nicephorccs
1468 655 1782 730 Gregoras

94 744 394 823 ingenuus
461 741 734 821 scriptor
784 739 1101 799 Historiae
1172 740 1443 800 Graecae
1480 786 1496 815 ‚
1558 740 1702 799 inde
1754 766 1786 798 a

104 831 415 887 [l'lzeocloro
460 829 737 885 Lascari
780 848 979 910 usque
1026 826 1103 885 ad.
1146 830 1570 886 Andronicum
1606 831 1641 887 J
1650 832 1784 888 uni-

95 939 290 978 orem.
348 919 616 974 Joczmzes
688 918 1202 974 Cantacuzemms
1258 939 1334 998 pl
1341 940 1431 977 ms
1503 917 1787 1000 Impera-

98 1020 198 1064 tol
240 1004 382 1064 dein
433 1001 815 1078 Monachus,
858 1018 922 1065 et
966 1003 1144 1065 facile
1181 1007 1477 1089 Princeps
1516 1006 1751 1065 Histoi
1740 1032 1787 1065 1-

95 1114 205 1152 cor
213 1117 316 1152 um
349 1091 535 1176 hujus
579 1095 754 1166 aevi,
795 1115 893 1154 res
933 1096 1325 1177 potissimum
1363 1098 1456 1154 sui
1491 1097 1787 1178 temporis

95 1184 342 1265 scripsit
379 1185 441 1240 in
482 1186 589 1245 [V.
629 1181 871 1257 Libris,
911 1182 1178 1242 multum
1217 1182 1294 1243 de
1334 1206 1408 1244 eo
1456 1187 1786 1242 Gletsetzcs

98 1272 158 1328 in
211 1272 338 1329 suis
382 1273 547 1331 notis
610 1273 815 1329 minus
872 1273 1111 1332 sincere
1163 1270 1410 1332 disserit
1481 1275 1788 1350 Georgius

100 1362 397 1417 Plzrcmza
457 1373 520 1421 et
569 1361 929 1418 Laoniclzzcs
994 1362 1515 1438 Clzalcoconclylas
1581 1359 1786 1419 ultimi

95 1450 432 1530 scriptores
480 1450 741 1522 Graeci,
785 1448 863 1507 ad
910 1450 1157 1507 initium
1223 1450 1412 1508 seculi
1476 1450 1793 1531 sequentis

100 1535 462 1597 inclaruere.
555 1536 723 1596 Haec
770 1535 1075 1618 igitur-de
1122 1535 1522 1597 Monarchiae
1567 1541 1794 1596 Roma-

98 1646 181 1683 no
252 1624 529 1685 Graecae
597 1625 882 1708 origine,
943 1646 1275 1709 progressu
1316 1670 1333 1700 ,
1409 1636 1471 1685 et
1530 1626 1792 1684 interitu

101 1734 219 1794 pro
300 1712 652 1797 compendii
725 1715 972 1773 ratione
1040 1712 1268 1772 dixisse
1321 1715 1664 1788 sufficiant3
1714 1735 1791 1772 ex

100 1801 330 1882 quibus
348 1815 566 1885 suapte
595 1815 798 1885 patet,
833 1798 1264 1861 Monarchiam
1283 1803 1566 1863 Romano
1599 1805 1796 1862 Grae—

99 1911 270 1964 cam,
308 1912 416 1949 sua
450 1891 728 1975 potentia
766 1903 829 1951 et
857 1888 1270 1951 diuturnitate
1310 1893 1644 1976 temporiS,
1686 1889 1795 1952 ali-

99 2000 160 2038 as
205 1978 603 2043 Monarchias
653 1981 915 2041 omnino
959 1977 1401 2043 antecelluisse.

1547 3019 1715 3082 CA-
