2097 3726
560 122 839 178 Romano
889 119 1276 182 Graecanica
1551 145 1675 209 ⁹99

62 318 236 357 mum
278 309 417 381 post
470 295 880 357 defectionem
922 292 1254 356 Slavorum
1305 298 1498 360 multa
1541 299 1765 361 damna

66 387 330 469 imperio
379 386 768 468 procuravit,
816 381 958 442 hinc
1009 384 1163 445 dum
1212 408 1431 469 magna
1488 389 1763 450 crudeli-

63 489 188 534 tate
234 476 295 533 in
348 472 1062 555 Constantinopolitanos
1117 478 1415 549 saeviret,
1479 480 1558 558 a)
1623 478 1764 538 odi-

65 586 174 623 um
217 564 492 621 omnium
532 564 890 636 incurrens,
939 563 1270 621 Leontium
1311 564 1527 626 ducem
1560 570 1766 626 cuncti

65 654 455 725 animarum,
516 663 585 708 ut
635 662 855 708 contra
902 651 1256 732 inquietum
1315 656 1770 737 Imperatorem

63 762 238 799 arma
275 749 576 813 sumeret,
630 739 738 821 qui
780 741 964 797 etiam
1004 740 1398 800 Praetorium
1436 764 1762 826 occupans,

65 830 491 887 Jascinianam
531 841 781 910 captum
815 829 876 886 in
915 828 1173 888 exilium
1214 829 1533 913 relegavit,

244 920 546 976 Leontius
583 915 888 976 seditione
913 913 1214 976 thronum
1258 918 1581 995 invadens,
1626 943 1775 981 mox

69 1005 389 1065 Saracenis
445 1003 760 1079 Africam,
824 1027 936 1088 per
981 1006 1282 1065 Jocmnem
1333 1006 1592 1068 fratrem
1638 1007 1777 1069 feli-

67 1096 223 1152 citer
262 1095 554 1170 extorsit3
601 1092 707 1153 sed
757 1093 1047 1153 Saraceni
1092 1117 1255 1154 anno
1303 1099 1586 1179 sequenti
1642 1097 1778 1157 for-

64 1184 256 1241 tiores
306 1204 442 1243 eam
481 1196 894 1266 receperunt,
941 1181 1105 1243 unde
1144 1184 1366 1244 milites
1406 1184 1662 1244 sommis
1704 1188 1771 1245 in

66 1269 278 1352 fugam
322 1275 440 1332 acti
467 1317 482 1345 ,
530 1293 677 1330 mox
715 1270 958 1353 pudore
1000 1286 1063 1331 et
1104 1274 1194 1331 ira
1235 1272 1509 1335 furentes
1554 1289 1776 1333 contra

65 1361 398 1420 Leontium
435 1360 609 1443 quod
643 1360 946 1419 auxilium
987 1362 1051 1419 in
1096 1374 1378 1445 tempore
1418 1385 1544 1422 non
1585 1366 1775 1423 mise-

70 1450 191 1523 rit,
253 1447 709 1534 Imperatorem
758 1448 1157 1509 declararunt
1228 1451 1542 1510 Tiberium
1594 1453 1783 1509 Absi-

69 1560 318 1596 maram
387 1540 471 1617 b)
528 1541 638 1621 qui
692 1535 840 1598 dolo
894 1537 1498 1619 Constantinopolim
1545 1541 1783 1598 immis-

71 1649 207 1702 suS‚
272 1630 609 1686 Leontium
659 1648 807 1685 naso
848 1639 1210 1685 truncatum
1254 1627 1638 1686 Monasterio
1690 1628 1785 1686 in-

71 1715 288 1789 clusit,
338 1737 533 1799 quum
569 1717 935 1798 imperasset
973 1716 1151 1772 annis
1197 1713 1420 1773 tribus.

258 1806 543 1864 Tiberias
584 1803 982 1863 AbsimaruS.
1023 1826 1118 1861 an.
1163 1801 1308 1885 698.
1360 1804 1628 1887 imperio
1669 1826 1785 1888 po-

73 1893 257 1967 titus,
302 1916 452 1952 mox
493 1891 749 1953 fratrem
785 1915 965 1953 suum
1000 1895 1376 1951 Heracliam
1415 1907 1633 1951 eontra
1668 1894 1787 1952 Sa—

74 2002 331 2041 racenos
374 1984 702 2057 instruxit,
769 1984 883 2065 qui
927 1982 1171 2063 Syriam
1213 1983 1522 2063 ingressus
1548 2025 1564 2055 ‚
1646 1981 1783 2041 cla-

77 2068 154 2128 de
202 2090 342 2129 200.
380 2071 647 2131 millium
688 2072 1030 2130 Saracenos
1082 2069 1488 2154 profligavit,
1538 2070 1791 2154 amplis-

80 2159 380 2238 simisque
440 2158 652 2242 spoliis
711 2163 917 2219 victor
978 2158 1235 2219 domum
1292 2162 1614 2220 remeavit.
1706 2161 1790 2240 o)

79 2249 344 2308 Interim
386 2249 786 2307 Justinianas
829 2248 947 2324 IL,
995 2247 1238 2308 decimo
1286 2246 1418 2309 fere
1467 2246 1640 2307 exilii
1679 2271 1789 2306 an-

85 2358 169 2396 no
213 2358 246 2396 e
297 2334 573 2395 custodia
632 2336 905 2418 elapsuS,
986 2339 1313 2395 Trebellim'
1372 2336 1789 2418 Bulgarorum

84 2427 247 2507 regis
289 2422 560 2497 auxilio,
625 2422 799 2507 cujus
833 2423 1022 2484 filiam
1074 2427 1460 2484 Theodoram
1492 2426 1793 2486 firmioris

86 2513 323 2572 vinculi
367 2513 567 2595 gratia
606 2513 672 2572 in
716 2534 981 2574 uxorem
1026 2511 1326 2587 duxerat,
1373 2516 1651 2597 Imperio
1692 2537 1794 2574 re-

85 2605 375 2677 stitutus,
437 2623 586 2661 mox
637 2604 972 2661 Leontium
1031 2615 1095 2662 et
1138 2603 1556 2662 Absimat·am
1618 2624 1800 2661 usur·

1535 2703 1712 2776 pato-

95 2783 416 2801 m

157 2864 233 2938 a)
271 2863 464 2921 Iidem.
511 2862 642 2916 ibid.
687 2861 769 2942 nb)
821 2863 1055 2932 Niceph.
1094 2865 1283 2954 Const.
1328 2862 1555 2918 Miscell.
1602 2863 1664 2916 L.
1710 2862 1797 2921 19.

231 2934 1373 3079 aaa&aaa-kae:>pari
1395 2932 1583 3057 aa
1629 2953 1674 2988 0·
