2097 3726
476 164 761 221 Romano
829 165 1201 221 Germanici.
1500 162 1577 222 58
1593 180 1619 221 1

25 343 355 404 Laclovico
400 340 528 400 filio
566 340 810 422 imperii
860 335 1129 401 haerede
1171 341 1431 418 relicto,
1479 359 1724 404 mortu-

20 457 91 494 us
156 446 245 493 est
289 434 545 507 Oetitzge
603 431 668 485 in
720 429 1017 505 Bavaria,
1066 445 1129 490 et
1184 431 1565 494 Ratisbonae
1627 456 1722 494 se-

20 524 228 609 pultus
274 521 520 580 an.899.
612 519 679 574 in
726 509 962 598 templo
1001 517 1075 577 ad
1119 519 1192 577 D·
1243 522 1644 582 Emer-atzam.

196 612 305 669 IX.
353 609 710 666 Ladovicas
760 608 881 664 IV.
945 623 1123 690 patre
1175 610 1513 690 Artzcclplzo
1560 613 1719 696 Imp.

16 713 217 759 matre
263 699 450 755 [κείω
494 709 677 755 natus
722 717 817 753 an.
860 696 1006 757 892.
1053 709 1193 780 post
1228 713 1495 761 mortem
1528 705 1720 784 patris

11 789 158 850 licet
199 800 434 868 septem
477 795 723 844 tantum
769 805 1080 844 annorum
1125 802 1314 862 esset,
1365 802 1573 850 tamen
1640 793 1720 850 ab

13 877 269 960 Imperii
324 872 693 958 proceribus
761 871 1245 957 a),Imperator
1319 875 1670 939 declaratus
1708 926 1724 955 ,

17 968 316 1034 Tutorem
360 965 600 1046 accepit
641 966 992 1021 flattonem
1037 964 1234 1025 Archi
1282 968 1394 1048 Ep.
1444 968 1720 1051 Mogun-

18 1058 212 1126 tium,
249 1067 312 1111 et
375 1056 662 1110 Ottonem
729 1053 1038 1115 Saxoniae
1113 1054 1406 1132 Ducem3
1454 1079 1722 1118 uxorem

14 1143 215 1202 adhuc
269 1142 501 1201 Juveni
565 1140 1020 1223 desponsarunt
1073 1146 1465 1203 Mathilclam
1530 1146 1724 1208 Ducis

14 1231 320 1290 Saxoniac
369 1232 688 1306 Ludolplzi
734 1229 960 1307 filiam,
1011 1255 1089 1292 ex
1133 1256 1258 1316 qua
1305 1234 1536 1293 nullam
1577 1259 1728 1318 pro-

14 1321 139 1380 lem
176 1323 461 1402 suscepit.
554 1322 910 1378 Ludovicus
964 1319 1065 1381 hic
1104 1325 1406 1405 quoniam
1443 1323 1620 1383 Italia
1663 1339 1729 1385 et

14 1410 355 1469 Germania
409 1409 588 1469 bellis
662 1409 951 1484 arderet,
998 1413 1265 1471 Romam
1317 1415 1538 1473 venire
1599 1435 1728 1473 non

14 1499 277 1571 valens,
327 1521 655 1580 nunquam
717 1522 750 1556 a
813 1497 1113 1561 Pontifice
1184 1500 1303 1559 fuit
1364 1515 1728 1578 coronatuS,

17 1586 158 1647 ideo
201 1608 349 1645 mox
391 1589 777 1645 Lucloviczmz
820 1590 1093 1646 Bosotzis
1142 1588 1343 1648 filium
1378 1588 1729 1650 adversari-

19 1699 128 1735 um
161 1678 433 1758 accepit,
475 1678 584 1757 qui
633 1675 812 1758 pulso
846 1678 1247 1756 Berengario
1275 1723 1290 1751 ,
1339 1678 1581 1737 Italiam
1619 1702 1729 1740 oc-

18 1784 285 1846 cupanS,
333 1763 394 1841 b)
445 1787 479 1822 a
509 1763 807 1824 Pontifice
842 1770 1198 1849 Imperator
1232 1781 1570 1828 coronatus
1617 1784 1728 1844 est,

19 1852 127 1914 sed
177 1851 413 1935 absque
460 1874 799 1937 procerum
856 1876 1161 1915 consensu
1206 1878 1218 1913 ε
1282 1878 1480 1937 quare
1544 1860 1731 1918 etiam

21 1945 457 2019 Beretzgccrias
497 1939 664 2001 hunc
707 1945 1100 2002 Ladovicam
1157 1943 1480 2004 Pontificis
1520 1946 1735 2030 Impe-

22 2046 297 2090 ratorem
332 2054 427 2089 an.
474 2032 620 2093 904.
645 2047 899 2114 captum
926 2033 1119 2094 oculis
1155 2036 1430 2118 privavit
1455 2081 1471 2110 ,
1506 2050 1568 2096 et
1610 2041 1734 2096 Ita-

21 2121 169 2180 liam
203 2122 488 2179 amissam
536 2124 969 2204 recuperavit,
1009 2145 1195 2206 quam
1236 2125 1404 2183 inter
1444 2127 1735 2184 continu-

22 2231 84 2268 as
159 2208 579 2271 barbarorum
651 2211 1034 2272 incursiones
1101 2217 1201 2272 20.
1266 2215 1444 2272 annis
1516 2216 1734 2273 tenuit.

26 2298 314 2377 Hungari
372 2300 540 2356 enim
579 2303 944 2380 pervastatis
980 2303 1281 2362 Bavariae
1321 2317 1384 2363 et
1425 2303 1731 2362 Saxoniae

26 2385 293 2457 finibus,
339 2388 534 2467 ipsam
586 2387 770 2445 etiam
821 2387 1064 2447 Italiam
1112 2390 1506 2465 invadentes,
1540 2394 1754 2474 ipsam-

28 2476 207 2555 regni
262 2472 468 2533 sedem
534 2476 805 2548 Papiam
859 2492 1337 2559 oppugnarunt,
1372 2478 1478 2539 sed
1524 2503 1558 2537 a
1604 2482 1738 2536 Be·-

28 2567 330 2642 rengarc'o
382 2560 594 2623 multis
652 2584 908 2623 suorum
961 2567 1196 2625 amissis
1248 2564 1478 2650 fugati,
1520 2588 1737 2628 omnes

1464 2678 1651 2738 prae-

103 2862 170 2925 (ι’)
233 2860 455 2938 Frustra
518 2861 929 2914 contradicente
999 2863 1381 2914 Zventiboldo.
1463 2863 1738 2943 Arnulphi

174 2949 384 3001 spurio.
435 2942 529 2984 aut
574 2933 800 3002 Regino·
850 2933 915 2982 ad
967 2954 1056 2988 au.
1124 2933 1244 2986 900.
1310 2935 1444 2984 Otto
1503 2935 1738 3004 Frising.

174 3004 237 3125 ἓ.
281 3000 330 3125 ξ.
369 3025 417 3124 ἑ..
457 3002 538 3126 ᾗ.
581 3004 836 3131 31:3¹3:ss
857 3004 1115 3129 Slggstssgc
1148 3005 1235 3058 21.
1308 3003 1382 3078 b)
1439 3006 1741 3078 Luitpand.
