2097 3726
436 242 718 300 Romano
772 243 1144 298 Germanici.
1514 242 1545 298 4
1558 232 1587 298 4
1601 253 1633 318 7'

25 428 172 480 rum
221 440 418 480 nexus
480 417 746 501 amplius
798 414 1300 497 impediebatur,
1371 416 1520 474 dum
1572 417 1727 473 Jura

25 521 297 568 statuum
357 500 730 568 Germaniae
797 506 961 588 pacis
1025 502 1487 587 Westphalicae
1547 505 1731 563 novis

25 596 575 658 constitutionibus
615 593 1048 653 firmabantur.
1116 595 1361 667 Quibus
1406 597 1468 652 in
1510 591 1733 674 adjun»

26 687 142 746 ctis
200 685 478 744 Acastria
550 685 774 742 sensim
849 684 1038 743 variis
1099 683 1446 742 ditionibus
1508 695 1737 752 aucta,

29 775 225 836 evasit
271 775 697 856 potentissima
741 793 854 854 per
920 773 1129 830 Caroli
1178 775 1289 829 VJ.
1335 772 1735 829 Sanctionem

30 864 500 944 Pragmaticam.
564 861 1130 939 Brccnclebmgicas
1174 864 1429 918 Elector
1467 860 1736 939 Regium

33 951 284 1012 titulum
322 960 567 1009 sumens
629 952 920 1028 Regnum
983 953 1391 1008 Borzcssiczcm
1437 945 1735 1007 condidit.

34 1044 494 1099 Honoveranccs
549 1042 708 1097 Dux
757 1040 963 1120 primo
1022 1038 1356 1111 Electoi·i8‚
1417 1034 1557 1095 dein
1605 1035 1739 1093 Maa-

31 1141 188 1210 gnae
229 1129 589 1187 Britanniae
628 1129 896 1210 Regium
932 1127 1186 1187 titulum
1221 1127 1510 1187 obtinuit.
1562 1123 1739 1184 Pala-

36 1220 203 1276 tinus
243 1213 477 1276 Rheni.
530 1231 591 1276 et
626 1219 924 1276 Bavariae
955 1217 1097 1274 Dux
1136 1229 1416 1298 potentes
1452 1213 1596 1272 facti
1627 1211 1739 1271 ali-

35 1309 85 1366 is
160 1305 481 1365 metuendi
552 1318 898 1366 evaserunt.
998 1306 1457 1364 Recentissimis
1532 1315 1741 1360 autem

33 1393 429 1476 temporibus
486 1393 738 1476 quidam
793 1394 1165 1454 Germaniae
1220 1395 1540 1475 Principes
1590 1412 1743 1449 con-

36 1485 245 1543 trariis
306 1482 520 1541 studiis
579 1484 790 1564 agitati
846 1481 968 1564 jam
1023 1482 1250 1557 Gallis,
1339 1481 1458 1564 jam
1510 1479 1741 1538 Domui

37 1573 361 1631 Austrieae
411 1571 851 1645 adllaerente5‚
928 1571 1178 1631 tandem
1240 1569 1303 1628 in
1367 1570 1741 1645 Napole‹)1223

38 1675 409 1744 potestatem
447 1660 873 1732 devenerunt,
937 1658 1090 1720 adeo
1140 1675 1208 1718 ut
1243 1680 1427 1718 omne
1461 1657 1645 1716 decus
1683 1668 1744 1713 et

37 1770 268 1808 nomen
329 1751 585 1833 Imperii
645 1749 976 1808 Germania
1034 1751 1343 1808 amiserit:
1435 1769 1511 1805 ex
1569 1742 1744 1820 cujus

38 1839 239 1897 ‘ruinis
279 1840 501 1922 passim
549 1860 710 1896 nova
762 1860 986 1919 regna,
1034 1835 1465 1920 Prilicipatus,
1515 1848 1577 1893 et
1618 1833 1747 1890 Due-

39 1941 213 1987 catus
257 1941 792 2003 consurexerunt3
840 1929 953 2009 qui
994 1925 1246 1986 demum
1280 1946 1444 1984 novo
1485 1922 1751 1982 Germa-

40 2019 184 2075 nico
228 2015 509 2077 Foedere
553 2017 747 2090 inite,
828 2018 1144 2075 communi
1182 2012 1559 2099 populorum
1601 2031 1750 2068 con-

43 2125 226 2165 sensu
283 2102 601 2184 conjuncti
658 2117 834 2178 sunt,
932 2104 1166 2187 absque
1226 2115 1432 2162 tamen
1496 2096 1754 2180 alicujus

43 2193 446 2275 Imperatoris
487 2195 897 2276 protectione,
946 2195 1107 2254 Nam
1147 2190 1400 2251 ultimus
1437 2191 1753 2248 Rornano—

44 2304 191 2341 rum
236 2285 589 2365 Imperator
623 2282 964 2362 legitimuS‚
1012 2279 1197 2341 hodie
1243 2283 1429 2340 etiam
1467 2278 1755 2336 Gloriose

46 2386 313 2451 regnans
356 2371 807 2449 Hungarorum
866 2370 1008 2431 Rex
1070 2371 1449 2426 Franciseus
1502 2369 1553 2423 I.
1616 2377 1754 2448 post

47 2459 252 2517 varias
288 2456 438 2517 belli
485 2455 702 2516 Gallici
749 2453 1220 2530 vicissitudinis,
1267 2456 1481 2539 plures
1523 2451 1755 2512 floren-

1 2594 6 2664 5
48 2547 306 2632 tissimas
348 2566 485 2604 suas
526 2547 883 2629 provincias
938 2549 1001 2603 in
1051 2544 1387 2604 Germania
1414 2586 1429 2616 ,
1476 2542 1648 2602 Italia
1691 2549 1755 2599 et

54 2628 302 2714 Illyrico
348 2633 505 2693 hosti
545 2636 947 2716 permittenS,
996 2632 1280 2716 deposito
1319 2633 1588 2691 Romani
1626 2629 1753 2686 Im—

0 2745 1 2772 1
51 2724 361 2806 peratoris
393 2721 574 2781 titulo
610 2736 673 2782 et
696 2724 1093 2783 Protectione
1116 2766 1130 2794 ‚
1179 2742 1412 2780 novum
1448 2720 1758 2778 Aac-striae

55 2814 476 2886 Imperatoris
533 2810 786 2870 titulum
845 2812 1059 2870 sumsit
1118 2830 1210 2869 an.
1273 2807 1456 2869 1804.
1504 2807 1604 2866 die
1654 2808 1750 2864 10.

53 2900 358 2981 Augusti,
407 2903 471 2959 iu
514 2899 695 2960 Festo
750 2900 808 2957 S.
862 2900 1201 2959 Laurentii.
1271 2894 1459 2978 Cujus
1497 2896 1754 2954 Monar-

57 2985 191 3046 chia
252 2989 580 3049 Austriaca
635 2989 885 3072 optimis
951 2989 1246 3047 institutis
1295 2998 1550 3057 ornatas,
1634 3003 1757 3040 una

53 3096 198 3140 cum
241 3078 621 3164 recuperatis
667 3074 1063 3163 postmodum
1119 3075 1463 3138 Provinciis
1518 3072 1758 3153 magni-

1505 3160 1669 3221 tudiu
