2097 3726
411 183 439 239 4
453 202 489 261 9
502 199 531 237 2
878 180 1178 238 Historia
1228 183 1487 258 Imperii

310 352 546 414 cladem
578 365 706 413 tota
751 348 1097 414 Christiana
1146 356 1516 440 Respublica
1567 359 1789 417 Turcis
1829 357 2003 436 quasi

307 439 533 526 praeda
581 439 726 498 fuit:
789 441 973 500 brevi
1031 447 1198 503 enim
1244 468 1292 504 a.
1344 447 1526 506 1455.
1573 445 2007 506 Constantino-

311 529 466 614 polis
503 529 763 612 pristina
800 531 1060 591 orientis
1114 533 1368 616 Imperii
1426 536 1627 617 Caput
1681 547 1744 595 et
1780 530 2006 606 SedeS‚

309 629 450 700 post
492 638 839 700 paucorum
893 616 1138 679 dierum
1204 622 1595 682 obsidionem
1653 633 2006 704 expugnata

307 720 369 766 et
408 720 585 787 capta
633 717 720 764 est
762 729 795 763 a
838 708 1202 772 Mahamete
1249 714 1675 794 Imperatore,
1715 731 1842 792 quo
1883 730 2007 767 uno

304 795 420 852 toti
458 792 844 854 Christianae
895 796 1305 879 Reipublicae
1346 798 1505 858 nihil
1558 798 1836 859 accidere
1896 818 2011 879 po-

302 895 466 942 terat
518 882 932 942 calamitosius
974 897 1083 942 aut
1121 888 1392 961 tristius,
1451 910 1529 948 ex
1579 910 1653 948 eo
1696 887 1859 948 enim
1905 905 2013 943 ve-

300 968 396 1028 lut
429 968 600 1030 fonte
634 971 843 1032 omnia
883 972 1324 1054 profluxerunt
1365 976 1561 1050 mala,
1623 976 1741 1036 sub
1783 972 2012 1056 quibus

303 1060 490 1119 etiam
549 1080 717 1118 nunc
767 1061 1174 1120 acerbissimis
1245 1065 1533 1124 caedibus
1591 1067 1787 1148 gemit
1835 1059 2016 1120 Chri-

302 1149 651 1207 stianorum
688 1151 1049 1232 Imperium,
1106 1151 1305 1210 Porro
1345 1154 1462 1211 sub
1500 1156 1827 1237 Regimine
1863 1153 2022 1208 Fri-

303 1238 500 1294 clerici
553 1234 795 1297 detecta
862 1251 1008 1296 sunt
1063 1236 1415 1320 adjacentes
1474 1242 1715 1303 Insulae
1756 1240 2012 1300 Ameri-

298 1344 405 1385 cae
439 1349 473 1384 a
532 1327 982 1403 Christoplzoro
1034 1329 1324 1387 Columbo
1371 1329 1707 1397 Genuensi,

478 1414 708 1474 XLIII.
780 1419 1270 1474 sffaximz'liatzas
1345 1422 1394 1477 I.
1457 1430 1633 1502 patre
1691 1418 2016 1476 Friclerico

304 1504 431 1566 III.
469 1517 670 1563 matre
725 1507 1043 1563 Eleonora
1104 1507 1289 1568 1459.
1349 1523 1564 1577 natuS,
1633 1509 1916 1566 Uxorem
1966 1504 2013 1561 I.

302 1586 521 1650 habuit
585 1595 880 1652 sisariam
948 1596 1162 1652 Caroli
1216 1595 1620 1678 Burgundiae
1671 1594 1843 1653 ducis
1901 1591 2019 1650 fili-

301 1701 445 1756 am,
507 1702 671 1763 quae
718 1683 781 1739 in
818 1685 1151 1743 venatione
1187 1706 1264 1743 ex
1324 1708 1489 1768 equo
1524 1684 1863 1744 ferociente
1909 1680 2020 1739 de-

299 1762 496 1850 jecta,
559 1766 755 1829 fracto
816 1770 1089 1847 femore,
1162 1777 1385 1854 quinto
1444 1777 1806 1856 nuptiarum
1852 1789 2015 1828 anno

301 1855 495 1930 obiit,
542 1878 620 1917 ex
672 1880 796 1940 qua
839 1873 1040 1919 tamen
1086 1864 1356 1943 suscepit
1399 1864 1453 1921 5.
1500 1862 1691 1935 filios,
1737 1861 1828 1918 uti
1868 1860 2020 1918 Plu·-

301 1948 577 2021 lippam,
656 1948 766 2027 qui
838 1946 1021 2006 dueta
1083 1951 1374 2008 Johamza
1422 1950 1759 2031 Hispaniae
1811 1949 2014 2027 regis,

300 2035 685 2093 Fet-elinandi
745 2034 910 2109 filia,
998 2039 1351 2096 universam
1412 2040 1741 2120 acquisivit
1793 2038 2019 2118 Hispa-

300 2121 470 2180 niam
528 2124 634 2203 (ex
673 2144 795 2203 qua
843 2122 1105 2206 conjuge
1183 2128 1476 2185 Cat-olum
1539 2129 1614 2183 V'.
1672 2139 1733 2186 et
1793 2126 2020 2182 Ferclc'-

304 2215 579 2271 nandum
605 2212 658 2269 I.
684 2213 1025 2272 successive
1045 2218 1458 2297 Imperatores
1490 2215 1769 2296 reliquit.
1805 2217 2016 2271 Fran-

298 2301 527 2358 ciscam
581 2321 733 2359 vero
782 2312 843 2361 et
895 2304 1237 2379 Georgium
1279 2317 1524 2362 mature
1562 2316 1880 2361 mortuos:
1953 2313 2016 2360 et

298 2387 546 2447 unicam
582 2385 768 2448 filiam
824 2392 1285 2467 Margarecam
1335 2390 1652 2452 connubio
1703 2389 2015 2450 infelicem

296 2475 372 2534 ΙΙ.
431 2475 773 2559 Coniugem
839 2480 1339 2539 Illa-ximilc'amcs
1407 2478 1629 2539 habuit
1697 2482 2013 2537 Blcmcam

294 2565 616 2638 Mariam,
705 2568 994 2625 Galeacic·
1059 2569 1461 2629 Vicecomitis
1523 2567 2016 2628 Medeolanensis

294 2649 504 2729 filiam,
530 2653 820 2715 sterilem.
865 2657 1049 2715 Hunc
1076 2659 1591 2716 Maximilianum
1627 2655 1834 2715 multis
1873 2657 2008 2713 vir-

296 2740 534 2803 tutibus
571 2743 695 2830 jam
727 2747 791 2804 in
825 2766 932 2805 sua
971 2743 1297 2825 juventute
1327 2758 1620 2806 ornatum
1657 2759 1833 2828 pater
1856 2746 2003 2800 Fri-

293 2832 538 2890 clericas
601 2835 837 2898 cunctis
897 2834 1256 2895 Electorum
1322 2834 1649 2918 suffragiis
1703 2857 1753 2891 a.
1825 2833 2012 2893 1486.

1863 2943 1926 2977 m
