2097 3726
548 122 1338 183 Romanorum.
1634 126 1716 188 25

111 311 350 376 tueret,
428 294 666 360 bellum
716 293 1016 357 Romanis
1072 292 1398 360 inferendo
1461 299 1814 366 Janiculum

110 389 483 472 occupavit:
551 406 678 469 quo
730 385 794 444 in
846 382 1012 444 bello
1074 383 1222 445 licet
1270 388 1473 450 virtus
1538 393 1813 450 Horatii

124 480 412 552 Coclitis,
473 477 585 558 qui
631 472 870 533 hostem
915 472 980 531 in
1033 472 1298 533 sublicio
1337 493 1527 559 ponte
1584 479 1821 541 tamdiu

110 568 524 637 sustinuerat,
591 560 893 646 quamdiu
942 582 1098 643 pons
1139 584 1173 619 a
1208 575 1384 646 tergo
1422 567 1818 630 abscindere-

110 668 252 714 tur:
300 655 452 713 item
487 653 686 710 Mutii
734 652 1106 724 Scaevolae,
1152 650 1290 732 (qui
1327 654 1615 731 scribam,
1647 659 1817 717 simi-

111 740 383 802 litudine
425 738 760 823 deceptus)
802 759 920 822 pro
957 760 1106 821 rege
1137 738 1658 820 obtruncaverat,
1705 767 1819 806 au·-

110 829 279 891 datia
320 827 713 904 celebretur3
759 825 944 887 duras
977 838 1184 888 tamen
1224 831 1391 912 pacis
1430 834 1820 894 conditiones

109 919 383 980 Romani
410 915 625 979 subire
662 917 863 976 coacti
887 929 1030 976 sunt
1053 960 1069 991 ,
1101 919 1193 977 uti
1229 916 1384 978 ferri
1421 942 1605 981 usum
1641 925 1824 981 amit-

108 1016 346 1082 tenteS,
416 1007 606 1072 etiam
644 1003 890 1066 obsides
929 1006 1411 1088 consignarunt3
1475 1031 1553 1070 ex
1589 1011 1822 1095 quibus

109 1094 436 1156 obsidibus
480 1093 610 1154 dux
658 1094 923 1176 agminis
976 1095 1299 1179 virginum
1348 1099 1578 1158 Cloelia
1638 1102 1826 1182 virgo

83 1185 394 1257 ‚Romana
445 1183 627 1245 elusis
682 1179 1076 1258 custodibuS,
1137 1184 1422 1245 Tiberim
1471 1187 1637 1248 inter
1689 1189 1822 1250 He-

112 1286 473 1333 truscorum
507 1271 628 1333 tela
663 1272 952 1332 tranavit.
1000 1270 1081 1350 a)
1128 1272 1394 1334 Interim
1423 1276 1676 1336 Patricii
1709 1275 1826 1336 do-

108 1383 225 1420 nec
284 1376 488 1422 metus
532 1384 567 1419 a
627 1362 951 1420 Porsenna
998 1381 1146 1443 rege
1192 1361 1561 1445 ingruebat,
1624 1378 1827 1425 certa-

110 1451 227 1508 tim
272 1449 441 1534 plebi
486 1448 700 1510 favere
753 1448 1148 1525 nitebantur3
1208 1471 1436 1509 verum
1489 1465 1824 1535 postquam

108 1559 328 1622 pacem
366 1538 777 1622 accepissent,
846 1557 997 1595 mox
1035 1535 1366 1618 multiplici
1415 1542 1827 1622 oppressione

108 1626 360 1710 plebem
384 1649 417 1684 a
451 1647 515 1685 se
545 1625 979 1686 abalienarunt
1000 1669 1017 1696 ,
1063 1647 1255 1708 quam
1297 1625 1825 1690 abalienationem

108 1717 305 1798 magis
338 1715 512 1774 auxit
553 1712 958 1775 Creditorum
997 1713 1061 1772 in
1093 1712 1416 1777 debitores
1454 1717 1665 1801 rigor,
1713 1718 1827 1801 qui

109 1803 403 1888 deinceps
438 1802 772 1862 turbarum
825 1802 1258 1862 intestinarum
1299 1826 1508 1866 semen
1557 1809 1828 1885 exstitit3

107 1893 343 1977 quibus
385 1891 784 1976 gliscentibus
807 1936 824 1967 ,
869 1891 1079 1952 XXX.
1121 1893 1282 1952 Latii
1319 1893 1539 1979 populi
1577 1896 1828 1957 Volscis

110 1995 174 2043 et
225 1982 551 2044 Hetruscis
606 1978 842 2064 juncti,
906 1980 991 2041 ob
1045 1981 1501 2043 restituendum
1553 1986 1834 2064 Tarqui-

110 2074 318 2147 nium,
380 2070 648 2130 ditiones
683 2071 1115 2131 Romanorum
1161 2072 1552 2151 invaserunt3
1611 2075 1688 2156 h)
1745 2069 1826 2132 ad

111 2158 284 2243 quod
319 2159 558 2221 felicius
601 2156 946 2242 gerendum
980 2159 1237 2220 Latinos
1279 2183 1557 2245 quoque,
1598 2175 1823 2246 agente

114 2248 422 2332 imprimis
451 2252 713 2308 Octavio
739 2249 1029 2308 Mamilio
1049 2249 1462 2310 concitabant.
1487 2252 1621 2324 Qua
1645 2270 1823 2312 occa-

113 2338 286 2398 sione
322 2360 374 2396 a.
422 2339 500 2396 U.
542 2337 608 2395 C.
655 2336 798 2398 255.
844 2339 1085 2398 Romae
1142 2342 1208 2398 T.
1253 2341 1528 2399 Lartius
1579 2342 1824 2425 primus

115 2426 403 2485 Dictator
425 2435 671 2486 creatus
695 2468 713 2498 ,
750 2423 895 2485 licet
934 2425 1181 2508 plebem
1203 2449 1347 2488 aere
1373 2428 1579 2489 alieno
1604 2451 1826 2513 grava-

114 2528 243 2574 tam
284 2514 361 2574 ad
393 2513 670 2574 officium
709 2517 1136 2590 revocaverit,
1181 2515 1516 2600 hostesque
1539 2516 1617 2577 ad
1642 2517 1825 2578 unius

115 2606 264 2665 anni
300 2601 580 2662 inducias
614 2601 908 2683 petendas
930 2603 1338 2687 compulerit,
1375 2628 1448 2666 eo
1477 2619 1681 2667 tamen
1717 2627 1823 2664 an-

117 2706 179 2753 te
215 2704 457 2777 tempus
484 2691 870 2752 Dictaturam
901 2690 1227 2754 abdicante
1250 2739 1265 2770 ,
1301 2715 1449 2755 mox
1476 2695 1699 2756 turbae
1729 2696 1828 2752 in-

1640 2797 1733 2844 te·-

152 2934 157 2938 ’
191 2953 265 3026 a)
305 2953 427 3010 Liv.
467 2956 600 3013 Dec.
642 2954 690 3007 1.
726 2954 789 3007 L.
835 2953 882 3008 2.
921 2973 966 3005 c.
1008 2954 1058 3007 5.
1098 2953 1240 3009 Flor·
1280 2951 1343 3005 L.
1385 2949 1436 3009 1.
1476 2972 1522 3007 c.
1558 2952 1642 3008 10.
1681 2974 1735 3010 n.
1771 2954 1820 3009 8.

261 3025 329 3093 b)
373 3025 579 3083 Livius.
620 3027 743 3080 Dec.
787 3024 835 3084 1.
871 3026 935 3083 L.
977 3023 1026 3080 2.
1063 3044 1111 3084 c.
1154 3023 1205 3077 9.
1240 3023 1467 3096 Dionys.
1507 3025 1570 3081 L.
1614 3025 1660 3082 5.
