<?xml version="1.0" encoding="UTF-8"?>
<!DOCTYPE html PUBLIC "-//W3C//DTD XHTML 1.0 Transitional//EN"
    "http://www.w3.org/TR/xhtml1/DTD/xhtml1-transitional.dtd">
<html xmlns="http://www.w3.org/1999/xhtml" xml:lang="en" lang="en">
 <head>
  <title>
</title>
<meta http-equiv="Content-Type" content="text/html;charset=utf-8" />
  <meta name='ocr-system' content='tesseract 3.04.00' />
  <meta name='ocr-capabilities' content='ocr_page ocr_carea ocr_par ocr_line ocrx_word'/>
</head>
<body>
  <div class='ocr_page' id='page_1' title='image "./historiauniversa02nagy_0025.png"; bbox 0 0 2097 3726; ppageno 0'>
   <div class='ocr_carea' id='block_1_1' title="bbox 487 120 1652 182">
    <p class='ocr_par' dir='ltr' id='par_1_1' title="bbox 487 120 1652 182">
     <span class='ocr_line' id='line_1_1' title="bbox 487 120 1652 182; baseline 0.007 -12"><span class='ocrx_word' id='word_1_1' title='bbox 487 120 1278 176; x_wconf 79' lang='lat' dir='ltr'><em>Romanorum.</em></span> <span class='ocrx_word' id='word_1_2' title='bbox 1618 125 1652 182; x_wconf 79' lang='lat'>5</span> 
     </span>
    </p>
   </div>
   <div class='ocr_carea' id='block_1_2' title="bbox 31 288 1755 2779">
    <p class='ocr_par' dir='ltr' id='par_1_2' title="bbox 31 288 1751 1866">
     <span class='ocr_line' id='line_1_2' title="bbox 34 288 1749 381; baseline 0.003 -26"><span class='ocrx_word' id='word_1_3' title='bbox 34 318 208 379; x_wconf 83' lang='lat' dir='ltr'><em>quae</em></span> <span class='ocrx_word' id='word_1_4' title='bbox 261 292 513 354; x_wconf 85' lang='lat' dir='ltr'><em>demum</em></span> <span class='ocrx_word' id='word_1_5' title='bbox 568 293 632 351; x_wconf 91' lang='lat' dir='ltr'><em>in</em></span> <span class='ocrx_word' id='word_1_6' title='bbox 688 288 1124 376; x_wconf 81' lang='lat' dir='ltr'><em>expugnabilis</em></span> <span class='ocrx_word' id='word_1_7' title='bbox 1178 297 1415 357; x_wconf 80' lang='lat' dir='ltr'><em>exstitit</em></span> <span class='ocrx_word' id='word_1_8' title='bbox 1467 299 1749 381; x_wconf 73' lang='lat' dir='ltr'><em>Pyrrho,</em></span> 
     </span>
     <span class='ocr_line' id='line_1_3' title="bbox 42 377 1747 464; baseline 0.002 -19"><span class='ocrx_word' id='word_1_9' title='bbox 42 382 380 458; x_wconf 80' lang='lat' dir='ltr'><strong>Annibali,</strong></span> <span class='ocrx_word' id='word_1_10' title='bbox 420 377 758 455; x_wconf 79' lang='lat' dir='ltr'>Antiocho,</span> <span class='ocrx_word' id='word_1_11' title='bbox 793 378 1111 455; x_wconf 84' lang='lat' dir='ltr'><em>KimbriS,</em></span> <span class='ocrx_word' id='word_1_12' title='bbox 1140 381 1525 464; x_wconf 79' lang='lat' dir='ltr'>Mithridati,</span> <span class='ocrx_word' id='word_1_13' title='bbox 1569 390 1747 449; x_wconf 86' lang='lat' dir='ltr'><em>Mar-</em></span> 
     </span>
     <span class='ocr_line' id='line_1_4' title="bbox 44 468 1733 558; baseline 0.002 -25"><span class='ocrx_word' id='word_1_14' title='bbox 44 474 395 550; x_wconf 76' lang='lat' dir='ltr'>comannis,</span> <span class='ocrx_word' id='word_1_15' title='bbox 455 471 720 552; x_wconf 82' lang='lat' dir='ltr'><em>aliisque</em></span> <span class='ocrx_word' id='word_1_16' title='bbox 771 468 1058 553; x_wconf 84' lang='lat' dir='ltr'><em>populis;</em></span> <span class='ocrx_word' id='word_1_17' title='bbox 1122 474 1233 554; x_wconf 82' lang='lat' dir='ltr'><em>qui</em></span> <span class='ocrx_word' id='word_1_18' title='bbox 1273 475 1583 558; x_wconf 85' lang='lat' dir='ltr'><em>Capitolio</em></span> <span class='ocrx_word' id='word_1_19' title='bbox 1623 483 1733 542; x_wconf 81' lang='lat' dir='ltr'><em>Ro-</em></span> 
     </span>
     <span class='ocr_line' id='line_1_5' title="bbox 40 558 1751 640; baseline -0.005 -18"><span class='ocrx_word' id='word_1_20' title='bbox 40 584 227 622; x_wconf 89' lang='lat' dir='ltr'><em>mano</em></span> <span class='ocrx_word' id='word_1_21' title='bbox 263 560 447 620; x_wconf 86' lang='lat' dir='ltr'><em>funus</em></span> <span class='ocrx_word' id='word_1_22' title='bbox 483 573 544 619; x_wconf 87' lang='lat' dir='ltr'><em>et</em></span> <span class='ocrx_word' id='word_1_23' title='bbox 582 560 792 617; x_wconf 83' lang='lat' dir='ltr'><em>ruinas</em></span> <span class='ocrx_word' id='word_1_24' title='bbox 838 558 1162 640; x_wconf 82' lang='lat' dir='ltr'><em>parabant.</em></span> <span class='ocrx_word' id='word_1_25' title='bbox 1233 596 1316 606; x_wconf 89' lang='lat'><em>-—</em></span> <span class='ocrx_word' id='word_1_26' title='bbox 1379 565 1599 627; x_wconf 87' lang='lat' dir='ltr'><em>Priora</em></span> <span class='ocrx_word' id='word_1_27' title='bbox 1654 587 1751 627; x_wconf 75' lang='lat' dir='ltr'><em>se-</em></span> 
     </span>
     <span class='ocr_line' id='line_1_6' title="bbox 38 646 1745 739; baseline 0.002 -28"><span class='ocrx_word' id='word_1_28' title='bbox 38 651 182 711; x_wconf 83' lang='lat' dir='ltr'><em>cula</em></span> <span class='ocrx_word' id='word_1_29' title='bbox 220 651 472 710; x_wconf 88' lang='lat' dir='ltr'><em>incertis</em></span> <span class='ocrx_word' id='word_1_30' title='bbox 501 646 793 707; x_wconf 85' lang='lat' dir='ltr'><em>laborant</em></span> <span class='ocrx_word' id='word_1_31' title='bbox 830 647 1149 710; x_wconf 81' lang='lat' dir='ltr'>Historiae</span> <span class='ocrx_word' id='word_1_32' title='bbox 1188 649 1467 728; x_wconf 85' lang='lat' dir='ltr'><em>indiciis,</em></span> <span class='ocrx_word' id='word_1_33' title='bbox 1536 678 1745 739; x_wconf 83' lang='lat' dir='ltr'><em>neque</em></span> 
     </span>
     <span class='ocr_line' id='line_1_7' title="bbox 36 735 1747 824; baseline 0.004 -26"><span class='ocrx_word' id='word_1_34' title='bbox 36 738 196 800; x_wconf 88' lang='lat' dir='ltr'><em>adeo</em></span> <span class='ocrx_word' id='word_1_35' title='bbox 226 760 447 798; x_wconf 86' lang='lat' dir='ltr'><em>rerum</em></span> <span class='ocrx_word' id='word_1_36' title='bbox 489 735 704 796; x_wconf 86' lang='lat' dir='ltr'><em>valent</em></span> <span class='ocrx_word' id='word_1_37' title='bbox 742 741 1094 805; x_wconf 81' lang='lat' dir='ltr'><em>momentis,</em></span> <span class='ocrx_word' id='word_1_38' title='bbox 1159 738 1292 798; x_wconf 87' lang='lat' dir='ltr'><em>Sub</em></span> <span class='ocrx_word' id='word_1_39' title='bbox 1332 742 1613 824; x_wconf 82' lang='lat' dir='ltr'><strong>Regibus</strong></span> <span class='ocrx_word' id='word_1_40' title='bbox 1657 744 1747 804; x_wconf 89' lang='lat' dir='ltr'><em>fa-</em></span> 
     </span>
     <span class='ocr_line' id='line_1_8' title="bbox 38 822 1742 914; baseline 0.002 -26"><span class='ocrx_word' id='word_1_41' title='bbox 38 826 248 888; x_wconf 73' lang='lat' dir='ltr'><em>bulosa</em></span> <span class='ocrx_word' id='word_1_42' title='bbox 271 825 576 910; x_wconf 85' lang='lat' dir='ltr'>pleraque</span> <span class='ocrx_word' id='word_1_43' title='bbox 597 869 613 900; x_wconf 88' lang='lat'>‚</span> <span class='ocrx_word' id='word_1_44' title='bbox 657 835 720 886; x_wconf 85' lang='lat' dir='ltr'><em>et</em></span> <span class='ocrx_word' id='word_1_45' title='bbox 748 822 1189 910; x_wconf 82' lang='lat' dir='ltr'>chronologiae</span> <span class='ocrx_word' id='word_1_46' title='bbox 1225 841 1566 914; x_wconf 87' lang='lat' dir='ltr'><em>utcumque</em></span> <span class='ocrx_word' id='word_1_47' title='bbox 1589 853 1742 892; x_wconf 77' lang='lat' dir='ltr'><em>con-</em></span> 
     </span>
     <span class='ocr_line' id='line_1_9' title="bbox 36 911 1744 1005; baseline 0.002 -28"><span class='ocrx_word' id='word_1_48' title='bbox 36 917 248 977; x_wconf 85' lang='lat' dir='ltr'><em>traria.</em></span> <span class='ocrx_word' id='word_1_49' title='bbox 316 916 523 976; x_wconf 89' lang='lat' dir='ltr'><em>Porro</em></span> <span class='ocrx_word' id='word_1_50' title='bbox 564 936 694 974; x_wconf 92' lang='lat' dir='ltr'><em>non</em></span> <span class='ocrx_word' id='word_1_51' title='bbox 724 911 1064 976; x_wconf 85' lang='lat' dir='ltr'><em>defuerunt</em></span> <span class='ocrx_word' id='word_1_52' title='bbox 1097 915 1182 976; x_wconf 82' lang='lat' dir='ltr'><em>illi</em></span> <span class='ocrx_word' id='word_1_53' title='bbox 1221 919 1452 980; x_wconf 83' lang='lat' dir='ltr'><em>curiosi</em></span> <span class='ocrx_word' id='word_1_54' title='bbox 1494 920 1744 1005; x_wconf 81' lang='lat' dir='ltr'><em>indaga-</em></span> 
     </span>
     <span class='ocr_line' id='line_1_10' title="bbox 35 1002 1744 1089; baseline 0.005 -27"><span class='ocrx_word' id='word_1_55' title='bbox 35 1016 244 1082; x_wconf 83' lang='lat' dir='ltr'><em>tores3</em></span> <span class='ocrx_word' id='word_1_56' title='bbox 325 1002 646 1087; x_wconf 86' lang='lat' dir='ltr'><em>quomodo</em></span> <span class='ocrx_word' id='word_1_57' title='bbox 693 1005 755 1063; x_wconf 92' lang='lat' dir='ltr'><em>in</em></span> <span class='ocrx_word' id='word_1_58' title='bbox 811 1017 1052 1064; x_wconf 87' lang='lat' dir='ltr'><em>tantum</em></span> <span class='ocrx_word' id='word_1_59' title='bbox 1100 1008 1418 1089; x_wconf 88' lang='lat' dir='ltr'><em>potentiae</em></span> <span class='ocrx_word' id='word_1_60' title='bbox 1464 1010 1744 1071; x_wconf 88' lang='lat' dir='ltr'><em>Gradum</em></span> 
     </span>
     <span class='ocr_line' id='line_1_11' title="bbox 36 1092 1746 1178; baseline 0.005 -24"><span class='ocrx_word' id='word_1_61' title='bbox 36 1095 237 1154; x_wconf 78' lang='lat' dir='ltr'><em>Roma</em></span> <span class='ocrx_word' id='word_1_62' title='bbox 284 1092 703 1176; x_wconf 76' lang='lat' dir='ltr'><em>pervenerit?</em></span> <span class='ocrx_word' id='word_1_63' title='bbox 768 1114 922 1175; x_wconf 82' lang='lat' dir='ltr'><em>quas</em></span> <span class='ocrx_word' id='word_1_64' title='bbox 960 1114 1169 1153; x_wconf 82' lang='lat' dir='ltr'>causas</span> <span class='ocrx_word' id='word_1_65' title='bbox 1207 1098 1649 1178; x_wconf 82' lang='lat' dir='ltr'><em>Montesquieu</em></span> <span class='ocrx_word' id='word_1_66' title='bbox 1682 1115 1746 1161; x_wconf 84' lang='lat' dir='ltr'><em>et</em></span> 
     </span>
     <span class='ocr_line' id='line_1_12' title="bbox 38 1181 1745 1258; baseline 0.004 -17"><span class='ocrx_word' id='word_1_67' title='bbox 38 1185 331 1258; x_wconf 69' lang='lat' dir='ltr'><em>Delium,</em></span> <span class='ocrx_word' id='word_1_68' title='bbox 379 1181 638 1243; x_wconf 82' lang='lat' dir='ltr'><em>brevius</em></span> <span class='ocrx_word' id='word_1_69' title='bbox 671 1195 879 1241; x_wconf 84' lang='lat' dir='ltr'><em>tamen</em></span> <span class='ocrx_word' id='word_1_70' title='bbox 905 1193 966 1241; x_wconf 86' lang='lat' dir='ltr'><em>et</em></span> <span class='ocrx_word' id='word_1_71' title='bbox 989 1185 1201 1243; x_wconf 78' lang='lat' dir='ltr'><em>verius</em></span> <span class='ocrx_word' id='word_1_72' title='bbox 1242 1186 1453 1245; x_wconf 80' lang='lat' dir='ltr'><em>Cicero</em></span> <span class='ocrx_word' id='word_1_73' title='bbox 1492 1187 1586 1248; x_wconf 89' lang='lat' dir='ltr'><em>his</em></span> <span class='ocrx_word' id='word_1_74' title='bbox 1627 1211 1745 1250; x_wconf 84' lang='lat' dir='ltr'><em>ex-</em></span> 
     </span>
     <span class='ocr_line' id='line_1_13' title="bbox 37 1272 1742 1357; baseline 0.004 -28"><span class='ocrx_word' id='word_1_75' title='bbox 37 1273 252 1357; x_wconf 80' lang='lat' dir='ltr'>ponit:</span> <span class='ocrx_word' id='word_1_76' title='bbox 301 1273 386 1350; x_wconf 84' lang='lat' dir='ltr'><em>a)</em></span> <span class='ocrx_word' id='word_1_77' title='bbox 433 1274 686 1332; x_wconf 84' lang='lat' dir='ltr'><em>Pietate</em></span> <span class='ocrx_word' id='word_1_78' title='bbox 727 1293 804 1328; x_wconf 83' lang='lat' dir='ltr'><em>ac</em></span> <span class='ocrx_word' id='word_1_79' title='bbox 842 1272 1141 1350; x_wconf 74' lang='lat' dir='ltr'><em>religione</em></span> <span class='ocrx_word' id='word_1_80' title='bbox 1155 1297 1182 1345; x_wconf 86' lang='lat'><em>;</em></span> <span class='ocrx_word' id='word_1_81' title='bbox 1231 1287 1424 1353; x_wconf 82' lang='lat' dir='ltr'><em>atque</em></span> <span class='ocrx_word' id='word_1_82' title='bbox 1462 1279 1583 1336; x_wconf 81' lang='lat' dir='ltr'><em>lzac</em></span> <span class='ocrx_word' id='word_1_83' title='bbox 1615 1301 1742 1337; x_wconf 78' lang='lat' dir='ltr'><em>una</em></span> 
     </span>
     <span class='ocr_line' id='line_1_14' title="bbox 32 1363 1746 1438; baseline 0.005 -22"><span class='ocrx_word' id='word_1_84' title='bbox 32 1363 388 1436; x_wconf 77' lang='lat' dir='ltr'><em>supientia,</em></span> <span class='ocrx_word' id='word_1_85' title='bbox 471 1383 599 1438; x_wconf 76' lang='lat' dir='ltr'><em>qua</em></span> <span class='ocrx_word' id='word_1_86' title='bbox 655 1363 941 1420; x_wconf 72' lang='lat' dir='ltr'><em>Deorum</em></span> <span class='ocrx_word' id='word_1_87' title='bbox 992 1364 1447 1423; x_wconf 77' lang='lat' dir='ltr'><em>immortalium</em></span> <span class='ocrx_word' id='word_1_88' title='bbox 1498 1370 1746 1426; x_wconf 84' lang='lat' dir='ltr'><em>numine</em></span> 
     </span>
     <span class='ocr_line' id='line_1_15' title="bbox 33 1450 1743 1533; baseline 0.002 -24"><span class='ocrx_word' id='word_1_89' title='bbox 33 1453 173 1527; x_wconf 71' lang='lat' dir='ltr'><em>regi</em></span> <span class='ocrx_word' id='word_1_90' title='bbox 189 1496 210 1524; x_wconf 87' lang='lat'><em>,</em></span> <span class='ocrx_word' id='word_1_91' title='bbox 247 1450 718 1528; x_wconf 76' lang='lat' dir='ltr'><em>gubernarique</em></span> <span class='ocrx_word' id='word_1_92' title='bbox 742 1453 1189 1525; x_wconf 75' lang='lat' dir='ltr'><em>perspeximus</em></span> <span class='ocrx_word' id='word_1_93' title='bbox 1210 1496 1225 1525; x_wconf 83' lang='lat'>‚</span> <span class='ocrx_word' id='word_1_94' title='bbox 1256 1474 1463 1512; x_wconf 86' lang='lat' dir='ltr'><em>omnes</em></span> <span class='ocrx_word' id='word_1_95' title='bbox 1483 1468 1706 1533; x_wconf 78' lang='lat' dir='ltr'><em>gentes</em></span> <span class='ocrx_word' id='word_1_96' title='bbox 1728 1502 1743 1529; x_wconf 79' lang='lat'>,</span> 
     </span>
     <span class='ocr_line' id='line_1_16' title="bbox 31 1538 1745 1626; baseline 0.006 -31"><span class='ocrx_word' id='word_1_97' title='bbox 31 1541 444 1618; x_wconf 76' lang='lat' dir='ltr'><em>nationesque</em></span> <span class='ocrx_word' id='word_1_98' title='bbox 483 1540 962 1615; x_wconf 75' lang='lat' dir='ltr'><em>superavimus:</em></span> <span class='ocrx_word' id='word_1_99' title='bbox 1010 1559 1117 1598; x_wconf 87' lang='lat' dir='ltr'><em>seu</em></span> <span class='ocrx_word' id='word_1_100' title='bbox 1159 1538 1337 1599; x_wconf 88' lang='lat' dir='ltr'><em>firma</em></span> <span class='ocrx_word' id='word_1_101' title='bbox 1372 1542 1449 1604; x_wconf 88' lang='lat' dir='ltr'><em>de</em></span> <span class='ocrx_word' id='word_1_102' title='bbox 1492 1545 1745 1626; x_wconf 77' lang='lat' dir='ltr'><em>religio-</em></span> 
     </span>
     <span class='ocr_line' id='line_1_17' title="bbox 33 1625 1741 1711; baseline 0.004 -24"><span class='ocrx_word' id='word_1_103' title='bbox 33 1648 115 1687; x_wconf 86' lang='lat' dir='ltr'><em>ne</em></span> <span class='ocrx_word' id='word_1_104' title='bbox 163 1627 513 1711; x_wconf 86' lang='lat' dir='ltr'><em>persvasi0‚</em></span> <span class='ocrx_word' id='word_1_105' title='bbox 573 1628 706 1686; x_wconf 87' lang='lat' dir='ltr'><em>sine</em></span> <span class='ocrx_word' id='word_1_106' title='bbox 749 1626 1024 1685; x_wconf 79' lang='lat' dir='ltr'><strong>tumultu</strong></span> <span class='ocrx_word' id='word_1_107' title='bbox 1062 1625 1348 1691; x_wconf 76' lang='lat' dir='ltr'><em>fanatico</em></span> <span class='ocrx_word' id='word_1_108' title='bbox 1395 1629 1473 1691; x_wconf 86' lang='lat' dir='ltr'><em>ad</em></span> <span class='ocrx_word' id='word_1_109' title='bbox 1527 1656 1741 1693; x_wconf 86' lang='lat' dir='ltr'><em>omnes</em></span> 
     </span>
     <span class='ocr_line' id='line_1_18' title="bbox 33 1714 1744 1800; baseline 0.005 -25"><span class='ocrx_word' id='word_1_110' title='bbox 33 1737 287 1775; x_wconf 83' lang='lat' dir='ltr'><em>morum</em></span> <span class='ocrx_word' id='word_1_111' title='bbox 307 1761 324 1789; x_wconf 82' lang='lat'>‚</span> <span class='ocrx_word' id='word_1_112' title='bbox 370 1736 717 1800; x_wconf 82' lang='lat' dir='ltr'><em>rerumque</em></span> <span class='ocrx_word' id='word_1_113' title='bbox 743 1714 1027 1776; x_wconf 82' lang='lat' dir='ltr'><em>civilium</em></span> <span class='ocrx_word' id='word_1_114' title='bbox 1066 1738 1263 1781; x_wconf 76' lang='lat' dir='ltr'><em>nexus</em></span> <span class='ocrx_word' id='word_1_115' title='bbox 1296 1722 1603 1783; x_wconf 87' lang='lat' dir='ltr'><em>continuo</em></span> <span class='ocrx_word' id='word_1_116' title='bbox 1635 1721 1744 1783; x_wconf 87' lang='lat' dir='ltr'><em>ad-</em></span> 
     </span>
     <span class='ocr_line' id='line_1_19' title="bbox 36 1800 390 1866; baseline 0.014 -5"><span class='ocrx_word' id='word_1_117' title='bbox 36 1800 390 1866; x_wconf 71' lang='lat' dir='ltr'><em>hibebatur·</em></span> 
     </span>
    </p>

    <p class='ocr_par' dir='ltr' id='par_1_3' title="bbox 33 1892 1755 2691">
     <span class='ocr_line' id='line_1_20' title="bbox 193 1892 1748 1972; baseline 0.004 -20"><span class='ocrx_word' id='word_1_118' title='bbox 193 1892 240 1972; x_wconf 63' lang='grc' dir='ltr'><em>ᾗ.</em></span> <span class='ocrx_word' id='word_1_119' title='bbox 313 1898 371 1958; x_wconf 85' lang='grc'><em>2.</em></span> <span class='ocrx_word' id='word_1_120' title='bbox 435 1897 659 1955; x_wconf 81' lang='lat' dir='ltr'><em>Status</em></span> <span class='ocrx_word' id='word_1_121' title='bbox 716 1894 1070 1972; x_wconf 80' lang='lat' dir='ltr'><em>Religionis</em></span> <span class='ocrx_word' id='word_1_122' title='bbox 1120 1908 1184 1954; x_wconf 82' lang='lat' dir='ltr'><em>et</em></span> <span class='ocrx_word' id='word_1_123' title='bbox 1258 1899 1748 1958; x_wconf 79' lang='lat' dir='ltr'><em>Consvetuclinis.</em></span> 
     </span>
     <span class='ocr_line' id='line_1_21' title="bbox 33 1976 1755 2071; baseline 0.006 -33"><span class='ocrx_word' id='word_1_124' title='bbox 33 1982 237 2041; x_wconf 79' lang='lat' dir='ltr'><em>Janus</em></span> <span class='ocrx_word' id='word_1_125' title='bbox 277 1976 351 2042; x_wconf 25' lang='lat' dir='ltr'><em>in*</em></span> <span class='ocrx_word' id='word_1_126' title='bbox 384 1981 567 2044; x_wconf 87' lang='lat' dir='ltr'><em>Italia</em></span> <span class='ocrx_word' id='word_1_127' title='bbox 611 2003 878 2064; x_wconf 82' lang='lat' dir='ltr'><em>regnum</em></span> <span class='ocrx_word' id='word_1_128' title='bbox 916 1983 1241 2064; x_wconf 77' lang='lat' dir='ltr'><em>obtinens,</em></span> <span class='ocrx_word' id='word_1_129' title='bbox 1301 1985 1457 2047; x_wconf 81' lang='lat' dir='ltr'><em>nihil</em></span> <span class='ocrx_word' id='word_1_130' title='bbox 1498 1984 1755 2071; x_wconf 80' lang='lat' dir='ltr'><em>praeter</em></span> 
     </span>
     <span class='ocr_line' id='line_1_22' title="bbox 35 2069 1748 2154; baseline 0.004 -24"><span class='ocrx_word' id='word_1_131' title='bbox 35 2070 405 2152; x_wconf 78' lang='lat' dir='ltr'><em>religionem</em></span> <span class='ocrx_word' id='word_1_132' title='bbox 450 2073 736 2154; x_wconf 84' lang='lat' dir='ltr'><em>ritusque</em></span> <span class='ocrx_word' id='word_1_133' title='bbox 779 2069 1193 2135; x_wconf 87' lang='lat' dir='ltr'><em>colendorum</em></span> <span class='ocrx_word' id='word_1_134' title='bbox 1233 2077 1517 2137; x_wconf 85' lang='lat' dir='ltr'>Deorum</span> <span class='ocrx_word' id='word_1_135' title='bbox 1564 2077 1748 2136; x_wconf 86' lang='lat' dir='ltr'><em>indu-</em></span> 
     </span>
     <span class='ocr_line' id='line_1_23' title="bbox 37 2159 1754 2249; baseline 0.006 -32"><span class='ocrx_word' id='word_1_136' title='bbox 37 2160 198 2220; x_wconf 74' lang='lat' dir='ltr'><em>xisse</em></span> <span class='ocrx_word' id='word_1_137' title='bbox 239 2159 649 2244; x_wconf 81' lang='lat' dir='ltr'><em>perhibetur,</em></span> <span class='ocrx_word' id='word_1_138' title='bbox 710 2162 822 2242; x_wconf 87' lang='lat' dir='ltr'><em>qui</em></span> <span class='ocrx_word' id='word_1_139' title='bbox 858 2164 1212 2224; x_wconf 77' lang='lat' dir='ltr'><em>Saturnum</em></span> <span class='ocrx_word' id='word_1_140' title='bbox 1251 2161 1522 2249; x_wconf 84' lang='lat' dir='ltr'><em>hospitio</em></span> <span class='ocrx_word' id='word_1_141' title='bbox 1569 2188 1754 2227; x_wconf 80' lang='lat' dir='ltr'><em>exce-</em></span> 
     </span>
     <span class='ocr_line' id='line_1_24' title="bbox 36 2246 1750 2335; baseline 0.006 -31"><span class='ocrx_word' id='word_1_142' title='bbox 36 2259 216 2331; x_wconf 81' lang='lat' dir='ltr'><em>ptum</em></span> <span class='ocrx_word' id='word_1_143' title='bbox 249 2247 477 2310; x_wconf 88' lang='lat' dir='ltr'><em>divinis</em></span> <span class='ocrx_word' id='word_1_144' title='bbox 499 2246 865 2311; x_wconf 77' lang='lat' dir='ltr'><em>&#39;honoribus</em></span> <span class='ocrx_word' id='word_1_145' title='bbox 901 2252 1151 2334; x_wconf 71' lang='lat' dir='ltr'><em>excepit</em></span> <span class='ocrx_word' id='word_1_146' title='bbox 1186 2253 1358 2315; x_wconf 91' lang='lat' dir='ltr'><em>ideo:</em></span> <span class='ocrx_word' id='word_1_147' title='bbox 1409 2255 1560 2335; x_wconf 86' lang='lat' dir='ltr'><em>quia</em></span> <span class='ocrx_word' id='word_1_148' title='bbox 1603 2255 1750 2314; x_wconf 83' lang='lat' dir='ltr'><em>sub-</em></span> 
     </span>
     <span class='ocr_line' id='line_1_25' title="bbox 34 2334 1747 2427; baseline 0.005 -35"><span class='ocrx_word' id='word_1_149' title='bbox 34 2334 199 2395; x_wconf 86' lang='lat' dir='ltr'><em>ditos</em></span> <span class='ocrx_word' id='word_1_150' title='bbox 247 2335 378 2422; x_wconf 85' lang='lat' dir='ltr'><em>ejus</em></span> <span class='ocrx_word' id='word_1_151' title='bbox 422 2336 704 2399; x_wconf 82' lang='lat' dir='ltr'><em>homines</em></span> <span class='ocrx_word' id='word_1_152' title='bbox 759 2338 959 2415; x_wconf 64' lang='lat' dir='ltr'><em>ferm,</em></span> <span class='ocrx_word' id='word_1_153' title='bbox 1028 2355 1094 2400; x_wconf 88' lang='lat' dir='ltr'><em>et</em></span> <span class='ocrx_word' id='word_1_154' title='bbox 1146 2355 1325 2427; x_wconf 85' lang='lat' dir='ltr'><em>rapto</em></span> <span class='ocrx_word' id='word_1_155' title='bbox 1366 2344 1588 2404; x_wconf 76' lang='lat' dir='ltr'><em>vivere</em></span> <span class='ocrx_word' id='word_1_156' title='bbox 1638 2343 1747 2402; x_wconf 84' lang='lat' dir='ltr'><em>ad-</em></span> 
     </span>
     <span class='ocr_line' id='line_1_26' title="bbox 35 2424 1752 2513; baseline 0.004 -31"><span class='ocrx_word' id='word_1_157' title='bbox 35 2438 279 2501; x_wconf 79' lang='lat' dir='ltr'><em>svetos‚</em></span> <span class='ocrx_word' id='word_1_158' title='bbox 318 2424 398 2484; x_wconf 90' lang='lat' dir='ltr'><em>ad</em></span> <span class='ocrx_word' id='word_1_159' title='bbox 439 2425 892 2506; x_wconf 81' lang='lat' dir='ltr'><em>agriculturam</em></span> <span class='ocrx_word' id='word_1_160' title='bbox 927 2440 992 2487; x_wconf 86' lang='lat' dir='ltr'><em>et</em></span> <span class='ocrx_word' id='word_1_161' title='bbox 1028 2429 1102 2488; x_wconf 85' lang='lat' dir='ltr'><em>ad</em></span> <span class='ocrx_word' id='word_1_162' title='bbox 1124 2432 1316 2492; x_wconf 85' lang='lat' dir='ltr'><em>vitam</em></span> <span class='ocrx_word' id='word_1_163' title='bbox 1344 2435 1752 2513; x_wconf 83' lang='lat' dir='ltr'><em>compositam</em></span> 
     </span>
     <span class='ocr_line' id='line_1_27' title="bbox 38 2511 1749 2603; baseline 0.005 -33"><span class='ocrx_word' id='word_1_164' title='bbox 38 2511 390 2574; x_wconf 86' lang='lat' dir='ltr'><em>ducendam</em></span> <span class='ocrx_word' id='word_1_165' title='bbox 425 2516 670 2599; x_wconf 87' lang='lat' dir='ltr'><em>primus</em></span> <span class='ocrx_word' id='word_1_166' title='bbox 700 2513 950 2575; x_wconf 89' lang='lat' dir='ltr'><em>docuit:</em></span> <span class='ocrx_word' id='word_1_167' title='bbox 1017 2518 1093 2596; x_wconf 79' lang='lat' dir='ltr'><em>b)</em></span> <span class='ocrx_word' id='word_1_168' title='bbox 1141 2542 1266 2602; x_wconf 86' lang='lat' dir='ltr'><em>qua</em></span> <span class='ocrx_word' id='word_1_169' title='bbox 1298 2533 1566 2603; x_wconf 83' lang='lat' dir='ltr'><em>propter</em></span> <span class='ocrx_word' id='word_1_170' title='bbox 1607 2544 1749 2580; x_wconf 87' lang='lat' dir='ltr'><em>eum</em></span> 
     </span>
     <span class='ocr_line' id='line_1_28' title="bbox 38 2603 1755 2691; baseline 0.003 -30"><span class='ocrx_word' id='word_1_171' title='bbox 38 2604 217 2685; x_wconf 82' lang='lat' dir='ltr'><em>regni</em></span> <span class='ocrx_word' id='word_1_172' title='bbox 260 2604 552 2664; x_wconf 85' lang='lat' dir='ltr'><em>societate</em></span> <span class='ocrx_word' id='word_1_173' title='bbox 594 2603 783 2665; x_wconf 82' lang='lat' dir='ltr'><em>etiam</em></span> <span class='ocrx_word' id='word_1_174' title='bbox 833 2611 1192 2669; x_wconf 80' lang='lat' dir='ltr'><em>muneravit</em></span> <span class='ocrx_word' id='word_1_175' title='bbox 1239 2608 1317 2687; x_wconf 84' lang='lat' dir='ltr'><em>c)</em></span> <span class='ocrx_word' id='word_1_176' title='bbox 1366 2613 1554 2691; x_wconf 86' lang='lat' dir='ltr'><em>eique</em></span> <span class='ocrx_word' id='word_1_177' title='bbox 1594 2623 1755 2667; x_wconf 75' lang='lat' dir='ltr'><em>tam-</em></span> 
     </span>
    </p>

    <p class='ocr_par' dir='ltr' id='par_1_4' title="bbox 1471 2718 1662 2779">
     <span class='ocr_line' id='line_1_29' title="bbox 1471 2718 1662 2779; baseline 0.021 -26"><span class='ocrx_word' id='word_1_178' title='bbox 1471 2718 1662 2779; x_wconf 87' lang='lat' dir='ltr'><em>quam</em></span> 
     </span>
    </p>
   </div>
   <div class='ocr_carea' id='block_1_3' title="bbox 34 2781 359 2797">
    <p class='ocr_par' dir='ltr' id='par_1_5' title="bbox 34 2781 359 2797">
     <span class='ocr_line' id='line_1_30' title="bbox 34 2781 359 2797; baseline 0 929"><span class='ocrx_word' id='word_1_179' title='bbox 34 2781 359 2797; x_wconf 95' lang='lat' dir='ltr'><em> </em></span> 
     </span>
    </p>
   </div>
   <div class='ocr_carea' id='block_1_4' title="bbox 110 2861 1756 2934">
    <p class='ocr_par' dir='ltr' id='par_1_6' title="bbox 110 2861 1756 2934">
     <span class='ocr_line' id='line_1_31' title="bbox 110 2861 1756 2934; baseline 0.004 -19"><span class='ocrx_word' id='word_1_180' title='bbox 110 2862 185 2934; x_wconf 81' lang='lat' dir='ltr'><em>a)</em></span> <span class='ocrx_word' id='word_1_181' title='bbox 223 2863 302 2914; x_wconf 88' lang='lat' dir='ltr'><em>De</em></span> <span class='ocrx_word' id='word_1_182' title='bbox 333 2864 567 2934; x_wconf 82' lang='lat' dir='ltr'><em>Harusp.</em></span> <span class='ocrx_word' id='word_1_183' title='bbox 607 2863 769 2934; x_wconf 87' lang='lat' dir='ltr'><em>Resp.</em></span> <span class='ocrx_word' id='word_1_184' title='bbox 813 2883 859 2916; x_wconf 90' lang='lat' dir='ltr'><em>c.</em></span> <span class='ocrx_word' id='word_1_185' title='bbox 894 2862 943 2915; x_wconf 85' lang='lat'><em>9.</em></span> <span class='ocrx_word' id='word_1_186' title='bbox 983 2861 1049 2933; x_wconf 72' lang='lat' dir='ltr'><em>b)</em></span> <span class='ocrx_word' id='word_1_187' title='bbox 1085 2863 1291 2922; x_wconf 46' lang='lat' dir='ltr'><em>Victori</em></span> <span class='ocrx_word' id='word_1_188' title='bbox 1330 2885 1375 2917; x_wconf 83' lang='lat' dir='ltr'><em>c.</em></span> <span class='ocrx_word' id='word_1_189' title='bbox 1417 2864 1466 2920; x_wconf 78' lang='lat'><em>3.</em></span> <span class='ocrx_word' id='word_1_190' title='bbox 1515 2868 1581 2918; x_wconf 88' lang='lat' dir='ltr'><em>de</em></span> <span class='ocrx_word' id='word_1_191' title='bbox 1616 2869 1756 2931; x_wconf 56' lang='lat' dir='ltr'><em>orie.</em></span> 
     </span>
    </p>
   </div>
   <div class='ocr_carea' id='block_1_5' title="bbox 1705 2925 1727 2939">
    <p class='ocr_par' dir='ltr' id='par_1_7' title="bbox 1705 2925 1727 2939">
     <span class='ocr_line' id='line_1_32' title="bbox 1705 2925 1727 2939; baseline 0 0"><span class='ocrx_word' id='word_1_192' title='bbox 1705 2925 1727 2939; x_wconf 60' lang='grc'><em>1-</em></span> 
     </span>
    </p>
   </div>
   <div class='ocr_carea' id='block_1_6' title="bbox 184 2933 1752 3077">
    <p class='ocr_par' dir='ltr' id='par_1_8' title="bbox 184 2933 1752 3077">
     <span class='ocr_line' id='line_1_33' title="bbox 184 2933 1752 3011; baseline 0.006 -29"><span class='ocrx_word' id='word_1_193' title='bbox 184 2933 346 2987; x_wconf 86' lang='lat' dir='ltr'><em>Gent.</em></span> <span class='ocrx_word' id='word_1_194' title='bbox 388 2935 549 2988; x_wconf 83' lang='lat' dir='ltr'><em>Rom.</em></span> <span class='ocrx_word' id='word_1_195' title='bbox 596 2944 650 2986; x_wconf 89' lang='lat' dir='ltr'><em>ct</em></span> <span class='ocrx_word' id='word_1_196' title='bbox 706 2935 949 2987; x_wconf 72' lang='lat' dir='ltr'><em>Macroh.</em></span> <span class='ocrx_word' id='word_1_197' title='bbox 1002 2935 1222 2989; x_wconf 65' lang='lat' dir='ltr'><em>saturn.</em></span> <span class='ocrx_word' id='word_1_198' title='bbox 1277 2935 1340 2988; x_wconf 90' lang='lat' dir='ltr'><em>L.</em></span> <span class='ocrx_word' id='word_1_199' title='bbox 1395 2935 1441 2989; x_wconf 75' lang='grc'><em>’1.</em></span> <span class='ocrx_word' id='word_1_200' title='bbox 1489 2957 1532 2991; x_wconf 86' lang='lat' dir='ltr'><em>e.</em></span> <span class='ocrx_word' id='word_1_201' title='bbox 1596 2938 1640 2992; x_wconf 62' lang='grc' dir='ltr'><em>Γ.</em></span> <span class='ocrx_word' id='word_1_202' title='bbox 1686 2944 1752 3011; x_wconf 79' lang='lat' dir='ltr'><em>c)</em></span> 
     </span>
     <span class='ocr_line' id='line_1_34' title="bbox 189 3004 1108 3077; baseline 0.002 -23"><span class='ocrx_word' id='word_1_203' title='bbox 189 3004 419 3077; x_wconf 67' lang='lat' dir='ltr'><em>Dionys·</em></span> <span class='ocrx_word' id='word_1_204' title='bbox 452 3004 727 3060; x_wconf 74' lang='lat' dir='ltr'><em>Halicarn.</em></span> <span class='ocrx_word' id='word_1_205' title='bbox 765 3005 824 3060; x_wconf 83' lang='lat' dir='ltr'><em>L.</em></span> <span class='ocrx_word' id='word_1_206' title='bbox 865 3004 906 3057; x_wconf 83' lang='lat'><em>1.</em></span> <span class='ocrx_word' id='word_1_207' title='bbox 942 3024 987 3056; x_wconf 81' lang='lat' dir='ltr'><em>c.</em></span> <span class='ocrx_word' id='word_1_208' title='bbox 1024 3004 1108 3056; x_wconf 78' lang='lat'><em>28.</em></span> 
     </span>
    </p>
   </div>
  </div>
 </body>
</html>
