2097 3726
1684 129 1715 146 ΡΨ

584 136 873 190 Romano
924 130 1240 187 Graecani
1244 133 1303 185 ci
1307 177 1322 190 ,
1596 149 1627 186 Ω
1640 130 1670 188 8
1682 149 1718 187 o

299 312 511 366 Seczclo
558 307 708 363 XII.
757 305 830 362 In
872 305 1115 370 oriente
1167 317 1538 384 recuperata
1594 302 1801 371 Palae-

117 400 314 469 stina,
351 420 461 479 per
494 396 693 453 varias
744 390 1242 451 Christianorum
1294 394 1655 474 Principum
1701 413 1802 449 su·-

114 500 349 568 sceptas
410 481 831 564 expeditiones
888 480 1130 560 Religio
1194 479 1448 560 quidem
1505 502 1804 561 augmeffi

115 588 249 632 tum
294 575 565 653 accepit,
604 567 709 628 sed
750 591 847 628 res
897 568 1393 629 Christianorum
1451 583 1626 629 erant
1705 569 1803 625 ni·-

113 664 305 719 mium
342 658 767 730 labefactatae,
816 656 1241 738 perditissimis
1280 657 1555 715 moribus
1581 654 1805 736 ,persi-

115 749 278 821 diis,
346 749 628 805 luxuriae
696 749 1009 827 impietate
1080 767 1148 803 ac
1223 745 1501 804 nefandis
1570 743 1803 805 facino—z

115 836 292 900 ribus
332 850 454 894 tam
502 837 564 892 in
610 833 835 906 ClerO,
873 857 1058 915 quam
1106 837 1168 892 in
1218 834 1448 915 populo
1496 833 1802 914 dispersis,

112 925 256 983 Fuit
300 927 487 982 etiam
554 922 1122 983 {amosa-haeresis
1199 926 1380 981 1117.
1444 924 1806 998 Bogomc'c()-÷

117 1034 258 1069 rum
317 1010 492 1092 cujus
551 1025 767 1074 auctor
824 1013 1119 1068 Basilicas
1166 1009 1547 1094 professione
1605 1009 1801 1066 medi-

114 1120 260 1175 cus,
315 1099 531 1159 habitu
592 1096 926 1174 monachus
966 1098 1125 1173 fuit,
1188 1100 1275 1179 cc)
1336 1098 1508 1181 cujus
1557 1098 1806 1165 Doctri-

118 1211 232 1246 nae
281 1192 481 1272 capita
541 1202 717 1249 erant
757 1234 771 1262 ,
838 1186 1148 1251 humilitas
1207 1188 1322 1247 sub
1399 1189 1602 1269 specie
1666 1206 1805 1251 san-‚

112 1277 373 1352 etit-atis,
422 1276 564 1337 hinc
607 1274 837 1359 jejunia
870 1289 930 1336 et
966 1276 1340 1336 coelibatum
1383 1290 1803 1336 exercuerunt

111 1368 286 1448 quasi
359 1387 498 1425 cuin
567 1366 698 1425 Deo
767 1368 1170 1438 conversati,
1237 1364 1433 1424 libros
1503 1364 1804 1423 Mosaicos

111 1474 240 1511 non
313 1467 688 1537 receperunt
723 1499 738 1526 ,
803 1453 1182 1534 Decalogum
1270 1465 1475 1510 tamen
1549 1449 1807 1532 prolite-

108 1541 377 1616 bantur,
430 1547 493 1601 in
548 1543 845 1622 mysterio
897 1542 1345 1599 lucarnationis
1392 1538 1803 1597 discesserunt

108 1628 184 1690 de
211 1631 608 1691 Sacramento
656 1631 953 1711 Baptismi
975 1642 1036 1688 et
1059 1626 1476 1687 Eucharistiae
1513 1640 1799 1686 contem-

104 1720 264 1801 ptim
319 1733 680 1791 senserunt,
729 1731 838 1776 etc.
891 1719 1003 1776 His
1050 1730 1439 1777 accesserunt
1481 1717 1638 1773 varii
1699 1736 1798 1780 ere

103 1828 317 1881 roreS,
367 1809 834 1890 sul-Jerstitiones
869 1819 931 1867 et
981 1805 1241 1878 abusuS,
1280 1807 1390 1888 qui
1441 1804 1505 1861 in
1536 1801 1799 1863 Ecclesi-

103 1916 166 1954 as
211 1895 476 1961 Graecas
511 1898 904 1978 irrepserunt
936 1896 1019 1955 ob
1041 1897 1404 1954 varietatem
1439 1907 1750 1952 sectarum
1788 1936 1804 1964 ,

105 2006 266 2065 quae
328 1984 474 2043 licet
543 1987 607 2043 in
659 1982 888 2044 ritibus
940 1986 1129 2043 variis
1189 1983 1590 2042 dissentirent
1625 2027 1641 2055 ,
1688 1980 1806 2039 sub

104 2075 402 2133 Manuele,
444 2086 652 2133 tamen
718 2075 1017 2130 Com-neno
1073 2095 1212 2131 cum
1272 2072 1801 2150 Constantinopos

107 2159 295 2220 litana
333 2162 602 2222 Ecclesia
625 2160 994 2220 conciliatae
1020 2176 1164 2220 sunt
1181 2185 1195 2238 3
1221 2162 1618 2220 continuatae
1645 2160 1806 2217 inte.-

110 2249 231 2307 rim
292 2263 472 2309 erant
537 2249 945 2312 dissensiones
1010 2251 1175 2311 inter
1229 2248 1566 2309 Ecclesiam
1607 2248 1805 2306 Grae-

107 2356 246 2395 cam
300 2350 364 2397 et
405 2338 790 2413 Romanam,
836 2339 918 2418 b)
980 2336 1125 2398 licet
1202 2340 1540 2420 repetitum
1593 2335 1807 2394 fuisset

109 2424 437 2506 aliquoties
497 2427 745 2484 unionis
833 2425 1193 2508 negotium,
1257 2448 1364 2485 seu
1431 2427 1640 2509 potius
1708 2445 1807 2482 re-

109 2511 417 2573 ductionis
454 2513 871 2588 Graecorum,
906 2512 1007 2575 sed
1046 2512 1277 2574 infelici
1316 2535 1610 2574 successu.
1662 2513 1807 2571 Post

112 2615 352 2684 captam
384 2599 437 2659 a'
481 2602 716 2661 Latinis
754 2600 1285 2681 Hierosolymam,
1318 2604 1444 2661 nati
1492 2615 1635 2660 sunt
1688 2603 1808 2657 01·-

122 2695 298 2751 dines
358 2693 674 2749 militares
718 2713 823 2752 seu
863 2702 1215 2770 equestreS,
1248 2693 1341 2749 uti
1387 2692 1628 2774 primus
1691 2685 1812 2746 fuit

1581 2780 1718 2838 Ilo,-

186 2975 257 3038 α)
298 2971 519 3043 Panopl.
561 2971 629 3023 T.
666 2969 755 3026 23.
808 2972 1001 3025 Alexia
1040 2971 1330 3023 Coninena.
1370 2970 1429 3023 L.
1466 2968 1517 3023 8.
1576 2967 1641 3033 b)
1698 2967 1807 3019 Leo

262 3041 511 3114 Alledius,
552 3043 617 3095 de
658 3052 920 3115 perpetua
963 3044 1221 3097 Consens.
1259 3043 1321 3095 L.
1356 3041 1413 3100 2.
1450 3060 1497 3097 ο.
1539 3040 1621 3098 10.
1658 3056 1771 3112 seq.

262 3219 269 3240 l
