2097 3726
509 225 570 282 R
618 246 650 280 ο
694 241 755 278 772
805 241 845 277 a
891 239 932 276 n
979 241 1012 275 ο
1060 239 1094 274 s‘
1143 240 1182 275 n
1229 237 1302 276 m.
1573 235 1689 296 127

0 394 11 410 ⁸
81 403 330 464 curitati
388 400 757 484 provinciae
799 397 1062 483 amplius
1117 396 1511 470 consuleret,
1583 398 1793 454 incur-

81 492 493 573 sionibusque
528 486 1008 548 Caledoniorum
1047 508 1154 547 seu
1185 486 1516 546 Scotorum
1549 483 1796 545 obicem

82 594 389 666 poneret,
457 575 691 636 vallum
734 597 848 657 per
907 574 1176 637 mediam
1240 575 1502 635 insuiam
1558 598 1592 634 a
1636 575 1795 633 mari

9 679 13 730 ἒ
84 669 162 728 ad
200 689 372 728 mare
416 667 642 750 posuit.
692 663 884 724 Felici
930 687 1257 726 armorum
1290 685 1570 724 successu
1608 663 1797 724 etiam

81 757 366 829 ArabeS,
434 751 829 827 Adiabenos,
893 755 1172 835 aliosque
1226 753 1536 812 Barbaros
1585 751 1797 812 debel-

86 849 256 921 lans·⁷
325 841 402 904 de
455 843 526 902 iis
581 840 974 927 triumphum
1043 844 1188 925 egit.
1235 840 1545 902 ‘Tandem
1601 840 1801 900 filium

88 936 471 994 Antoni-nam
509 932 762 1015 imperii
801 933 1037 993 socium
1074 933 1490 1005 consti-tuem,
1553 952 1806 991 moero-

87 1046 160 1085 re
201 1023 393 1105 magis
435 1019 744 1080 scelerum
789 1016 901 1080 filii
941 1023 1285 1096 Antonini,
1347 1040 1534 1103 quam
1570 1018 1801 1079 morbo

11 1115 14 1182 ᾗ
87 1123 532 1193 consumptuS,
601 1109 868 1170 Eboraci
921 1122 1209 1170 mortuus
1258 1121 1386 1184 est,
1462 1108 1545 1189 a)
1591 1132 1642 1168 a.
1691 1105 1801 1166 Ch.

6 1195 14 1217 ‘¹
93 1202 239 1262 211.
275 1199 530 1282 imperti
571 1201 668 1259 18.
705 1201 917 1259 aetatis
953 1200 1055 1261 66.
1103 1199 1216 1282 qui
1254 1196 1407 1258 dum
1445 1212 1805 1257 extremum

90 1287 350 1348 duceret
379 1287 669 1371 spiritum
694 1333 710 1362 ‚
758 1301 1073 1371 tamquam
1100 1289 1269 1348 testis
1303 1300 1368 1348 et
1404 1300 1805 1369 contemptor

12 1379 15 1409 ³
92 1376 404 1439 felicitatis
459 1373 804 1449 humanae,
889 1378 1290 1438 exclamavit:
1384 1376 1622 1433 Cuncta
1652 1376 1804 1449 fici,

11 1472 15 1476 ’
92 1471 207 1525 sed
231 1468 397 1524 nihil
419 1469 706 1541 prodest.
753 1466 834 1546 b)
886 1467 1031 1526 Post
1076 1462 1254 1548 cujus
1297 1477 1567 1524 mortem
1615 1464 1811 1522 Sena—

12 1614 15 1630 <
94 1571 195 1615 tus
231 1553 310 1614 de
349 1575 422 1614 eo
468 1555 549 1612 ita
592 1551 926 1637 judicavit:
978 1554 1154 1613 illum
1191 1567 1301 1612 aut
1339 1555 1502 1610 nasci
1540 1573 1669 1610 non
1700 1550 1810 1611 de—

9 1696 15 1730 9
97 1644 342 1717 buisse,
389 1654 499 1700 aut
539 1665 667 1703 non
712 1645 910 1707 mori:
958 1640 1128 1725 quod
1171 1655 1234 1702 et
1268 1642 1454 1700 nimis
1491 1638 1767 1700 crudelis
1792 1684 1808 1714 ,

96 1746 164 1794 et
200 1734 386 1790 nimis
422 1731 594 1790 utilis
635 1730 1047 1813 Rei-publicae
1081 1729 1423 1790 videretur.

286 1839 385 1878 20.
455 1821 854 1894 Antoninus,
919 1821 1263 1878 Caracalla
1307 1842 1343 1877 a
1398 1821 1657 1879 vestitus
1702 1840 1810 1901 ge·-

99 1932 255 1972 nere
299 1906 499 1968 dictus
522 1955 538 1985 ‚
584 1909 658 1990 c)
703 1930 848 1970 cum
888 1908 1086 1970 fratre
1126 1930 1239 1969 suo
1276 1910 1435 1966 Geta
1468 1907 1649 1968 simul
1693 1910 1809 1974 im-

101 2000 350 2084 perium
421 1999 726 2082 suscepit,
831 2020 1104 2081 quorum
1171 1998 1466 2057 continua
1522 1994 1810 2071 dissidia,

101 2099 311 2146 morte
364 2089 559 2147 Getae
618 2087 684 2145 in
741 2089 881 2147 sinu
933 2088 1155 2148 Matris
1208 2088 1455 2162 Jaliae,
1524 2109 1558 2145 a
1612 2084 1813 2146 fratre

104 2173 403 2235 trucidati
437 2175 958 2237 terminabantur.
1004 2177 1084 2257 d)
1131 2173 1323 2260 Cujus
1365 2187 1580 2259 postea
1615 2176 1814 2259 impe-

109 2267 280 2322 rium
323 2265 385 2322 in
433 2267 747 2325 continuis
786 2265 1081 2327 caedibus
1122 2262 1538 2337 consistebat,
1585 2264 1658 2346 e)
1705 2287 1815 2346 pa-

112 2366 212 2410 tre
235 2353 404 2410 enim
441 2355 758 2435 asperior,
809 2355 1184 2413 Senatorum
1226 2355 1543 2437 principes
1568 2366 1631 2412 et
1660 2352 1816 2412 alios

112 2439 382 2499 fortunis
431 2454 495 2499 et
549 2441 678 2497 vita
728 2445 918 2500 exuit.
1000 2442 1268 2504 Interim
1337 2443 1682 2503 Germanos
1738 2439 1818 2500 ad

114 2531 410 2588 flffoennm
452 2551 501 2584 a.
552 2528 699 2588 215.
743 2527 1012 2589 felicitor
1049 2550 1378 2612 superans,
1428 2528 1512 2608 f)
1560 2552 1707 2589 mox
1749 2532 1815 2587 in

118 2619 425 2677 orientem
489 2637 664 2676 arma
725 2618 954 2693 vertit,
1018 2618 1130 2676 ubi
1182 2619 1592 2679 Artabanum
1654 2620 1814 2677 Par—

1512 2704 1688 2765 thum
1714 2748 1731 2777 ,

192 2880 267 2945 a)
309 2878 606 2929 Herodian.
659 2876 724 2934 L.
758 2876 806 2930 3.
864 2897 908 2930 e.
944 2876 1029 2935 15.
1088 2876 1366 2947 Xiphilm'.
1423 2877 1486 2929 L.
1526 2875 1606 2930 75.
1646 2876 1817 2947 Spar-

263 2949 395 3000 tian.
448 2970 496 3007 e.
530 2946 616 3001 18.
656 2966 768 3019 seq.
822 2946 892 3018 b)
932 2946 1112 3000 Aul-el.
1144 2949 1283 3000 Vict.
1322 2948 1377 2998 in
1414 2947 1555 3018 Epit.
1608 2945 1675 3018 c>
1720 2948 1816 2998 Ba-

264 3020 476 3075 ronius,
514 3019 581 3070 ad
633 3037 762 3076 ann.
801 3018 900 3070 Ch.
938 3017 1057 3070 213.
1120 3018 1192 3090 d)
1234 3016 1435 3069 Herod.
1476 3021 1537 3070 L.
1575 3015 1625 3070 4.
1681 3037 1729 3068 c.
1767 3017 1815 3070 8.

265 3089 483 3160 Xiphil.
517 3091 580 3142 L.
618 3088 704 3146 77.
757 3090 827 3159 e)
865 3090 1071 3141 Herod.
1126 3091 1186 3142 L.
1229 3089 1283 3144 4.
1338 3107 1382 3142 o.
1422 3087 1502 3142 11.
1543 3088 1818 3161 Spartian.

272 3179 316 3212 c.
354 3159 406 3218 4.
431 3157 510 3232 f)
551 3160 842 3216 Herodian.
881 3161 944 3216 L.
989 3158 1042 3218 4.
1081 3178 1126 3213 e.
1167 3158 1248 3214 12.
