2097 3726
548 145 817 199 Romano
859 144 1226 199 Germanici.
1529 141 1560 197 4
1571 141 1603 198 5
1616 141 1650 198 5

47 321 398 417 Impeiatol
425 315 499 377 ad
526 328 714 398 quem
736 338 1122 400 provocavei
1130 331 1256 389 unt
1285 313 1740 378 nonmodoDe-

43 422 287 466 metum
306 406 444 511 ’.ᾗιιιι
484 405 675 463 latum
717 403 893 488 jussit
944 406 1304 479 obseiva1i‚
1342 405 1448 468 sed
1486 408 1742 487 insuper

50 498 112 555 in
134 499 427 580 ploximo
449 504 762 555 conventu
799 495 1180 572 Azaga-scano
1234 453 1420 557 1558.
1470 493 1745 555 oblatam

47 584 128 644 ab
186 588 256 644 iis
291 587 449 662 fidei
495 586 930 659 consessionem
978 584 1177 668 palam
1223 582 1481 666 reiecit,
1529 579 1746 667 prohi-

53 673 294 750 hendo·
330 695 408 732 ne
459 672 748 755 deinceps
802 673 865 731 in
911 674 1079 733 Bona
1109 672 1526 734 Ecclesiastica
1565 674 1747 730 invo-

49 761 266 822 larent.
360 762 473 819 His
523 776 729 821 tamen
767 783 896 820 non
948 762 1337 822 obstantibus
1385 763 1742 821 Protestan·

55 866 140 911 tes
190 865 253 911 et
288 849 451 909 bona
497 850 916 911 Ecclesiastica
960 873 1155 935 porto
1204 863 1631 934 occuparunt,
1685 862 1747 907 et

54 938 224 1023 quod
272 939 536 1021 amplius
576 953 668 1000 est
714 937 791 997 ad
832 954 963 999 acta
1005 962 1114 999 sua
1158 960 1295 999 cum
1336 939 1513 998 novis
1557 935 1747 997 sactis

56 1027 317 1102 tuenda,
373 1029 658 1088 consulto
718 1031 890 1112 plius
933 1032 1220 1088 Lutlzero
1289 1025 1528 1088 Foedus
1584 1028 1749 1085 intel

53 1138 116 1176 se
184 1120 601 1177 Smalealcllae
686 1120 1108 1203 pepigerunt3
1179 1116 1354 1199 cujus
1419 1117 1755 1199 praecipua

58 1209 260 1291 capita
312 1206 568 1266 fuerunt
625 1207 882 1265 Jocmm’s
930 1209 1291 1266 Fridericus
1341 1203 1590 1264 Elector
1645 1203 1754 1260 Sa—

58 1298 281 1355 xoniae
309 1340 323 1368 ,
413 1310 476 1355 et
547 1298 878 1372 Philippus
962 1298 1418 1374 Magncmimus
1502 1293 1758 1351 Hassiae

63 1384 492 1466 Landgravius
517 1431 531 1458 ‚
579 1384 869 1467 quidum
911 1388 1365 1467 Imperatorem
1405 1381 1556 1441 falso
1593 1403 1752 1462 quo-

60 1474 204 1532 dam
259 1476 582 1556 supposito
628 1473 747 1532 sub
797 1472 1021 1532 umbra
1071 1473 1389 1556 religionis
1442 1469 1756 1530 Libertati

63 1564 193 1622 Gei
200 1565 437 1621 maniae
515 1560 795 1621 insidiaii
867 1561 1311 1623 intellexissent
1349 1606 1365 1636 ,
1443 1560 1760 1640 ingentem

66 1652 571 1733 conscripserunt
665 1651 1027 1710 exeicitum.
1134 1652 1423 1723 Quorum
1508 1645 1761 1706 tandem

69 1741 257 1800 armis
321 1741 450 1823 ipse
506 1744 858 1822 Imperator
921 1760 1095 1800 arma
1157 1759 1265 1798 sua
1343 1733 1762 1822 opponend03

64 1829 248 1890 brevi
283 1827 587 1888 Saxoniae
631 1827 985 1890 Electmem
1037 1825 1117 1887 ad
1158 1829 1563 1905 Miilbergam
1608 1824 1762 1883 Mis-

65 1920 207 1978 niae
254 1916 561 2003 oppidum
618 1940 742 1976 una
803 1939 947 1978 cum
1013 1915 1347 1978 foederatis
1406 1915 1643 1974 victum
1706 1936 1758 1971 a.

75 2000 258 2087 1547.
305 2002 810 2091 comprehendit,
858 2007 1117 2069 Hassiae
1170 2027 1326 2066 vero
1365 2003 1762 2086 Landgiavi-

65 2119 174 2156 um
242 2099 375 2156 sine
443 2118 650 2180 pugna
693 2097 758 2155 in
827 2094 1214 2156 deditionem
1261 2096 1517 2179 accepit.
1627 2091 1764 2163 Qua

67 2185 389 2246 occasione
423 2207 571 2244 mox
613 2187 675 2243 in
709 2187 977 2245 comitiis
1013 2186 1417 2264 Augustanis
1461 2201 1712 2268 praescl
1717 2202 1768 2238 1-

69 2288 174 2358 pta
220 2285 313 2332 est
365 2270 670 2346 formula,
718 2275 819 2331 cui
870 2275 1135 2331 Interim
1179 2272 1380 2335 donec
1414 2268 1768 2332 Concilium

79 2364 139 2419 T
131 2363 508 2420 ndentmam
566 2362 1023 2422 controversias
1086 2359 1406 2444 religionis
1471 2357 1770 2441 dijudica-

71 2464 204 2524 ret,
254 2449 656 2510 accomodare
721 2447 1090 2510 deberent.
1131 2452 1396 2534 Ι11511Ρθι
1452 2449 1770 2507 Macar-itio

74 2539 254 2614 duci,
290 2541 354 2602 in
407 2561 595 2623 quem
633 2540 891 2598 loannis
929 2542 1246 2599 Friderici
1289 2540 1593 2600 Saxoniae
1630 2536 1770 2597 Ele-

74 2641 385 2688 ctoratum
432 2626 870 2705 transtulerat,
898 2650 1200 2689 summam
1237 2642 1600 2713 potestatem
1624 2647 1774 2685 con-

77 2719 295 2792 cessit,
355 2715 704 2778 seditiosam
769 2717 1372 2801 Magdeburgensem
1439 2720 1776 2777 Civitatem

77 2803 423 2866 coercendi.
514 2807 680 2865 Hinc
720 2819 926 2866 actum
973 2806 1303 2867 videbatur
1350 2803 1427 2869 de
1472 2806 1776 2887 religione

77 2909 140 2955 et
202 2909 528 2980 praetensa
607 2894 895 2956 libertate
962 2897 1027 2954 in
1088 2896 1441 2958 Germania.
1534 2898 1776 2956 Verum

83 2986 438 3047 ffIczaritius
487 2985 847 3048 diuturnam
903 2985 1115 3048 Soceri
1157 2987 1249 3049 sui
1291 2985 1463 3047 Hassi
1512 2984 1774 3066 captivi-

1505 3085 1697 3133 tatem
