2097 3726
549 145 829 200 Romano
873 140 1250 197 Germanici.
1537 135 1664 218 459

43 319 243 383 Officio
278 321 567 403 gnaviter
607 315 884 379 defuncti
917 316 1096 390 esti3‚
1168 326 1378 377 vestra
1413 326 1602 376 erunt
1649 313 1762 373 Sa-

0 479 3 490 *
38 407 313 468 cerdotia
356 408 835 493 locupletissima
857 451 873 480 ‚
921 419 984 466 et
1020 403 1428 466 Pontificatus
1463 403 1757 464 maximi:

0 491 3 561 l
40 518 154 579 ego
194 519 302 556 vos
360 502 422 559 in
472 498 669 556 aulam
708 493 1036 554 adsciscam
1061 541 1077 567 ,
1144 516 1221 553 ex
1262 493 1445 555 vobis
1485 494 1756 553 Senato-

45 608 145 656 res
184 589 528 671 cooptab0‚
577 608 688 647 vos
744 586 810 642 in
855 583 1070 644 album
1115 585 1489 643 Praetoriim
1533 596 1597 643 et
1640 583 1761 642 Pa-

1 664 3 756 }
45 689 214 733 trum
245 675 471 736 Curiae
507 673 806 758 adlegam.
890 673 1050 734 Dein
1107 671 1184 730 ad
1221 671 1554 732 Nobilium
1599 670 1767 731 libe-

1 769 3 841 2
49 785 188 836 r08‚
235 786 391 845 quos
428 788 462 823 a
501 763 673 824 laeva
708 761 1162 835 collocaverat,
1226 761 1411 820 vultu
1467 763 1625 820 irato
1667 761 1768 818 ni·-

0 859 4 950 }
52 849 139 921 hil
172 850 562 915 dissimulans
597 852 795 911 dixit:
845 872 957 911 vos
993 847 1289 911 comatuli
1316 895 1332 923 ‚
1371 863 1434 910 et
1465 849 1771 910 delicatu-

2 940 130 1015 ῑ1ἰ,
206 940 349 1002 freti
401 942 630 1026 opibus
690 955 753 1006 et
806 939 1139 1025 splendore
1214 952 1591 1020 parentum,
1655 959 1773 997 no-

2 1023 239 1105 {stram
296 1029 691 1114 Majestatem
762 1031 1126 1116 sprevistis,
1186 1023 1375 1101 vitia,
1444 1030 1608 1102 otia,
1676 1026 1775 1085 lu-

1 1116 205 1189 }'xum
248 1133 309 1189 et
364 1122 692 1196 inertiam,
741 1119 923 1180 honis
958 1119 1155 1179 literis
1193 1130 1256 1179 et
1306 1118 1575 1191 virtuti,
1622 1137 1777 1176 con-

0 1198 5 1304 j
60 1220 249 1278 temto
302 1208 558 1270 decreto
601 1224 860 1280 nostrO‚
927 1206 1343 1293 p1·aetulistiS‚
1409 1209 1624 1266 Deam
1666 1228 1777 1266 ve·-

0 1319 6 1382 ῑ
52 1318 126 1355 ro
181 1298 598 1363 immortalem
641 1298 864 1365 testor!
911 1295 1068 1357 nihil
1116 1297 1368 1380 penitus
1420 1293 1774 1370 commodi,

1 1387 6 1495 l
54 1383 438 1469 honorisque
492 1412 526 1447 a
581 1412 680 1448 me
743 1385 821 1445 ad
871 1408 981 1447 vos
1036 1398 1534 1470 perventurum,
1616 1385 1774 1468 quin

3 1512 7 1533 λ
51 1476 179 1545 imo
234 1475 413 1536 edam
467 1480 530 1536 in
589 1500 700 1537 vos
774 1475 1095 1559 exempla,
1176 1476 1296 1533 nisi
1351 1475 1776 1559 1·esipueriti8‚

57 1577 120 1629 et
172 1565 622 1648 negligentiam
668 1565 994 1647 diligentia
1058 1563 1478 1646 expiaveritis.
1528 1598 1613 1606 —-
1661 1563 1778 1622 His

4 1666 7 1727 j
52 1655 396 1714 virtutibus
467 1657 834 1738 conspicuus
933 1655 1199 1713 Carolus
1296 1651 1426 1734 ipse
1525 1652 1775 1736 scripsit

4 1737 7 1813 Ῑ
56 1741 547 1803 Grammaticam
581 1744 1147 1816 Patriise1*moni5‚
1196 1740 1448 1801 studens
1491 1739 1771 1824 lingvam

4 1817 7 1850 ³
55 1828 504 1893 Thentonicam
542 1857 574 1891 a
625 1833 837 1893 verbis
876 1834 1359 1915 peregrinarum
1414 1829 1776 1915 lingvarum

62 1920 361 1982 immixtis
416 1924 728 1997 eximere,
801 1943 1156 2004 puramque
1215 1918 1503 1981 reddere.
1603 1919 1780 1980 Idem

54 2031 269 2076 omnes
324 2014 551 2072 veteris
609 2024 671 2072 et
720 2011 887 2072 Novi
944 2012 1325 2072 Testamenti
1390 2009 1621 2084 libros,
1699 2007 1780 2068 ab

5 2093 420 2177 semoribus,
490 2102 601 2184 qui
658 2102 970 2183 imperitia
1029 2099 1443 2163 librariorum
1501 2101 1777 2180 irrepse-

60 2201 237 2261 rant,
285 2211 364 2249 ex
404 2204 536 2251 toto
576 2191 872 2259 correxit.
938 2190 1109 2250 Anni
1154 2189 1472 2250 mensibus
1520 2188 1778 2247 nomina

59 2273 442 2340 Theutonica
475 2281 790 2360 imposuit.
825 2278 1053 2338 Libros
1089 2278 1608 2361 exquisitissimos
1646 2298 1778 2336 ma-

7 2373 10 2420 l
62 2384 188 2445 gno
230 2369 434 2448 pretio
474 2367 889 2446 compar-avit:
956 2388 1183 2426 verum
1218 2367 1520 2427 Francica
1566 2367 1783 2427 Histo-

8 2508 10 2523 ,
66 2453 162 2521 ria
213 2466 503 2529 testatur,
570 2456 772 2514 statim
822 2467 963 2536 post
1010 2451 1142 2537 ejus
1191 2454 1439 2519 obitum
1493 2454 1778 2516 venditas

9 2537 11 2541 ’
71 2538 257 2602 fuisse
314 2541 727 2603 Bibliothecas
784 2541 973 2606 adeo:
1059 2555 1129 2601 ut
1187 2544 1450 2602 Carolus
1513 2548 1776 2621 Sapiens

66 2633 308 2711 primus
372 2645 528 2692 esset
591 2633 756 2692 inter·
818 2632 1060 2714 Reges,
1141 2633 1254 2714 qui
1322 2631 1778 2694 Bibliothecam

0 2758 1 2765 κ
67 2741 410 2802 perennem
452 2722 735 2780 instituit.
783 2720 949 2780 Hinc
983 2718 1274 2803 plerique
1305 2719 1612 2782 Auctores
1651 2721 1774 2780 La-

0 2835 4 2844 ‚
65 2809 217 2883 tini,
266 2831 540 2890 quorum
574 2807 773 2868 adhuc
811 2810 1135 2870 exstabant
1172 2832 1398 2893 opera,
1462 2824 1569 2869 aut
1604 2811 1774 2894 peri-

71 2912 297 2972 erunt,
360 2914 468 2958 aut
505 2898 772 2960 mutilati
809 2896 994 2958 hodie
1046 2900 1464 2981 reperiuntur.
1546 2901 1775 2960 Tenta-

70 2999 224 3046 runt
258 3001 319 3048 et
355 2987 457 3048 alii
494 2987 947 3072 posterioribus
979 2987 1197 3049 seculis
1237 2987 1592 3049 barbariem
1616 2986 1772 3052 hanc

1542 3100 1693 3161 pro-
