2097 3726
535 146 813 202 Romano
884 136 1255 194 Germanici.
1555 134 1678 196 455

2 382 4 386 ,
70 342 263 407 quam
303 323 471 383 enim
511 320 684 379 Sacri
731 315 999 374 Romani
1041 314 1287 395 imperii
1325 309 1610 395 Majestas
1645 337 1778 374 maa

2 480 3 490 ἵ
69 416 161 496 gis
211 410 555 495 periclitata
593 405 749 478 fuit,
799 424 988 484 quam
1028 399 1202 459 fatali
1253 405 1617 486 interregno
1661 403 1778 463 du·-

72 515 290 575 rante3
335 498 498 559 bella
534 515 805 576 namque
837 489 1067 562 civilia,
1113 503 1173 549 et
1219 506 1479 551 externa
1516 495 1774 553 univer-

0 623 2 646 i
69 612 198 649 sam
252 588 506 670 Imperii
557 602 924 665 compagem
981 578 1258 639 violento
1307 583 1544 663 impetu
1593 605 1775 643 ever-

71 699 215 736 sura
263 676 656 735 videbantur.
750 669 955 740 Italia,
1006 689 1167 752 quae
1205 691 1430 752 magna
1467 691 1544 730 ex
1597 686 1777 753 parte

68 764 266 824 adhuc
317 762 396 822 ad
445 762 782 845 imperium
828 758 1219 842 pertinebat,
1261 760 1566 818 intestinis
1605 758 1782 820 dissi-

67 853 186 913 diis
230 863 292 913 et
336 849 711 911 factionibus
771 847 1085 930 flagrabat.
1182 847 1518 908 Germania
1575 853 1778 909 conti-

68 945 207 1002 nuis
264 940 574 1001 bellorum
638 937 938 998 incendiis
979 949 1104 998 tota
1152 935 1408 1012 ardenS,
1461 935 1779 998 Anarchia

66 1030 494 1104 lacerabatur,
542 1050 683 1086 nam
730 1027 811 1088 ob
850 1025 1120 1086 funestas
1170 1027 1535 1110 Principum
1567 1026 1781 1103 furias,

67 1120 276 1179 omnia
324 1116 401 1179 ad
453 1119 699 1178 ruinam
750 1129 811 1177 et
853 1118 1178 1176 interitum
1221 1112 1596 1176 tendebant:
1632 1138 1779 1175 nam

65 1206 332 1268 confusis
388 1205 680 1267 omnibus
733 1205 975 1265 Divinis
1031 1203 1445 1287 humanisque
1495 1201 1778 1288 juribu3,

66 1298 379 1378 exquisita
439 1296 670 1356 scelera
730 1295 958 1379 passim
1026 1295 1105 1354 ab
1162 1294 1455 1355 omnibus
1523 1296 1778 1379 impune

68 1385 642 1446 committebantur.
735 1384 900 1443 Hinc
965 1384 1266 1444 Civitates
1339 1382 1416 1442 ad
1478 1380 1773 1446 Rhenum

61 1476 214 1534 sitae
269 1473 347 1533 ad
393 1471 898 1557 tranquilitatem
957 1470 1486 1546 conservandam,
1527 1486 1776 1533 vetera—

65 1585 193 1646 que
250 1584 357 1622 sua
414 1564 571 1622 Jura
616 1560 1087 1637 conservanda,
1135 1575 1356 1623 contra
1412 1559 1776 1622 violentiam.

63 1653 467 1711 turbatorum
515 1649 730 1711 foedus
779 1652 946 1711 inter
985 1673 1048 1710 se
1099 1662 1430 1734 percutere
1462 1650 1775 1731 cogeban-

66 1752 204 1815 tur,
251 1739 426 1823 quod
466 1739 679 1800 foedus
728 1737 1019 1824 deinceps
1053 1739 1326 1799 aliorum
1363 1740 1550 1799 etiam
1592 1739 1775 1798 Prin<-

65 1831 276 1913 cipum
315 1833 658 1888 accessione
697 1826 961 1911 amplius
1000 1825 1382 1890 firmabatur.
1477 1829 1773 1888 Ceterum

64 1916 212 1978 dum
265 1921 349 1978 ita
418 1917 827 1979 conturbatus
877 1931 1034 1980 esset
1111 1929 1301 1978 status
1358 1918 1775 1993 Germaniae,

0 2022 1 2027 ’
62 2027 140 2067 ex
197 2009 577 2069 enumeratis
634 2021 842 2066 tamen
895 2006 1020 2091 jam
1079 2006 1614 2090 competitoribus.

242 2096 510 2158 XXVII.
559 2094 880 2156 Conradus
921 2097 1030 2158 IV.
1101 2098 1422 2154 Friclerici
1468 2097 1558 2152 II.
1614 2095 1772 2178 Imp.

68 2181 265 2258 filius,
313 2187 465 2243 vivo
512 2183 717 2243 adhuc
773 2199 950 2266 patre
1001 2207 1098 2245 an.
1171 2184 1356 2247 1235.
1407 2183 1772 2244 Vormatiae

71 2275 312 2330 omnim
348 2271 723 2331 Germaniae
773 2274 1140 2356 Principum
1183 2293 1486 2333 consensu
1511 2316 1527 2346 ,
1568 2273 1778 2355 Impe»

74 2362 156 2418 rii
207 2379 459 2419 consors
525 2361 926 2429 renunciatus
957 2405 974 2435 ,
1035 2381 1203 2420 nunc
1275 2363 1557 2419 Hem-ico
1607 2363 1775 2419 Ras-

60 2469 222 2524 pone
250 2450 312 2506 in
351 2441 675 2506 obsidione
716 2447 939 2508 Ulmae
975 2450 1211 2519 occiso,
1245 2449 1589 2532 Imperium
1613 2449 1775 2509 Ger-

74 2538 315 2596 maniae
371 2535 494 2593 sibi
558 2534 897 2611 stabilivit,
945 2536 1012 2616 a)
1082 2535 1296 2595 Italiae
1353 2551 1595 2619 partem
1643 2559 1772 2599 non

70 2625 204 2685 sine
271 2623 644 2684 crudelitate
711 2622 1115 2708 subjugando.
1207 2624 1321 2682 His
1380 2628 1528 2684 actis
1587 2625 1770 2685 brevi

70 2734 212 2773 enm
266 2715 643 2790 Memfi-edus
692 2710 885 2774 frater
931 2713 1176 2796 spurius
1246 2728 1489 2774 veneno
1544 2713 1776 2772 intoxi-

920 2824 953 2861 e
1000 2823 1035 2861 e
1481 2803 1685 2873 cavit,

146 2991 456 3118 a)LMc17ttli.
496 2991 662 3048 PariS.
703 3013 758 3066 p.
795 2991 919 3048 850.
953 3010 1104 3066 seqq.
1135 2992 1394 3048 Aventin.
1431 2989 1626 3052 Annal.
1657 2990 1776 3063 Boj.
