2097 3726
501 205 1281 259 Romanorum.
1556 200 1675 259 155

87 381 299 441 Italiae
339 376 774 449 minabantur3
835 387 897 434 et
937 387 1109 433 certo
1148 396 1365 455 magna
1407 378 1593 437 etiam
1635 398 1777 459 per-

86 472 309 530 fecturi
367 481 574 538 erant,
643 467 756 522 nisi
813 463 1204 520 Aemilianus
1261 466 1530 526 Moesiae
1582 468 1778 526 Prae..

84 561 275 619 fectus
311 579 411 617 eos
455 553 723 612 viriliter
769 549 1058 624 fudisset3
1121 551 1203 610 ob
1246 576 1433 635 quam
1480 557 1779 614 virtutem

84 648 314 708 Milites
377 645 798 702 Aemilianum
868 641 1321 724 Imperatorem
1390 643 1776 715 salutarunt3

85 735 258 819 quod
319 735 531 791 Gallus
585 729 939 804 inaudiens,
1012 750 1158 787 mox
1216 729 1292 788 ad
1348 730 1774 791 obsistendum

83 847 205 884 una
247 843 382 880 cum
431 817 556 877 filio
612 821 953 877 Volusiano
1013 839 1089 877 eo
1148 816 1501 901 profectus,
1566 821 1781 879 imma-

83 915 244 972 niter
280 905 621 968 trucidatus
655 920 772 971 est:
822 909 901 987 a)
941 930 1034 966 an.
1078 904 1185 966 Ch.
1230 908 1372 967 255.
1406 919 1547 967 ante
1588 931 1779 990 quem

85 1021 316 1058 annum
349 1008 515 1055 tanta
554 994 900 1078 pestilentia
946 998 1211 1055 vastavit
1249 996 1471 1055 orbem
1495 1041 1512 1070 ,
1577 1019 1780 1078 quan-

80 1102 142 1146 ta
188 1100 363 1144 autea
422 1106 782 1166 numquam.
879 1085 1143 1144 Interim
1207 1087 1603 1143 Aemilianus
1659 1085 1786 1146 ele*

79 1191 212 1234 ctus
261 1176 646 1255 Imperator,
707 1175 820 1232 etsi
885 1172 1036 1232 datis
1079 1172 1158 1232 ad
1217 1174 1515 1232 Senatum
1583 1173 1783 1234 literis

79 1264 491 1347 promisisset,
560 1283 622 1319 se
697 1261 885 1319 multa
961 1275 1512 1345 recuperaturum,
1576 1277 1783 1322 tamen

78 1373 267 1432 quum
321 1350 398 1410 ab
452 1348 831 1433 Alpensibus
903 1349 1283 1432 Legionibus
1362 1353 1782 1409 Valerianum

75 1441 398 1499 Caesarem
436 1452 751 1510 creatum,
827 1435 960 1519 ejus
994 1440 1302 1499 exereitus
1349 1438 1785 1514 inaudivisset‚

76 1550 223 1587 mox
263 1530 611 1587 Aemiliani
649 1526 911 1592 milite&
978 1550 1060 1585 ne
1099 1530 1277 1585 novis
1327 1527 1527 1586 turbis
1576 1527 1783 1587 denuo

76 1616 588 1688 involverentur,
670 1616 992 1673 Caesarem
1054 1637 1232 1672 suum
1295 1614 1782 1688 interficienteS,

75 1703 148 1762 ad
198 1716 401 1788 partes
445 1706 779 1761 Valeriani
821 1705 1264 1762 transiverunt..
1315 1701 1394 1780 b)

260 1813 354 1874 29.
411 1794 793 1850 Valerianus
845 1813 879 1849 a
931 1791 1161 1851 Senatu
1204 1792 1518 1872 Augustus
1572 1791 1787 1875 appel—

77 1880 234 1940 latus
261 1925 276 1953 ,
323 1895 494 1939 tanta
534 1877 658 1960 jam
701 1881 874 1962 prius
910 1902 1159 1939 morum
1201 1882 1473 1964 puritate
1513 1881 1785 1939 inclaru-

76 1971 158 2041 it,
226 1983 296 2027 ut
350 1991 547 2050 quum
597 1970 832 2027 Censor
882 1982 1070 2043 esset,
1143 1971 1349 2027 cuncti
1409 1983 1787 2030 testarentur

77 2071 272 2117 totam
324 2060 662 2116 Valeriani
715 2058 907 2116 vitam
950 2079 1078 2117 esse
1118 2057 1478 2117 Censuram.
1541 2061 1786 2120 Verum

78 2145 260 2205 brevi
312 2148 583 2206 maxima
644 2146 972 2228 Sangvinis
1024 2144 1525 2206 Christianorum
1580 2147 1791 2207 effusi—

80 2255 197 2292 one
243 2256 421 2293 suum
464 2237 801 2316 imperium
842 2233 1151 2308 foedavit,
1200 2259 1344 2294 nam
1388 2234 1629 2296 nefario
1674 2258 1784 2296 suo

77 2319 279 2380 edicto
327 2335 580 2381 octavae
630 2326 1072 2403 persecutionis
1110 2338 1293 2383 autor
1332 2327 1542 2384 evasit.
1612 2326 1785 2385 Inte—

76 2411 200 2467 rim
243 2409 442 2467 filium
485 2413 845 2468 Gallienum
900 2411 978 2488 c)
1029 2413 1092 2469 in
1134 2415 1373 2471 socium
1406 2417 1657 2496 imperii
1691 2436 1782 2473 as-

79 2519 322 2557 sumens
347 2543 361 2570 ,
413 2497 543 2580 ipse
573 2499 636 2552 in
683 2497 913 2557 bellum
949 2501 1270 2559 Persicum
1310 2502 1625 2585 profectus
1664 2518 1789 2575 est,

75 2585 159 2664 cl)
187 2609 236 2644 a.
278 2584 384 2644 Ch.
439 2583 581 2643 260.
626 2583 734 2642 ubi
775 2586 956 2669 culpa
996 2586 1314 2670 cujusdam
1360 2590 1553 2666 ducis,
1591 2614 1624 2648 a
1668 2595 1786 2649 Sa-

1578 2701 1702 2756 PO-

147 2846 222 2918 a)
273 2845 459 2901 Zosin.
510 2845 628 2900 LA
720 2865 762 2926 c}
804 2846 886 2900 28.
939 2849 1170 2918 Eutrop.
1216 2848 1276 2900 L.
1316 2845 1367 2900 9.
1425 2847 1493 2916 b)
1534 2850 1781 2905 Orosius.

218 2918 287 2972 L.
328 2915 375 2967 7.
428 2936 472 2968 c.
510 2914 600 2994 21⁷..
636 2918 843 2993 Zosnn.
887 2918 947 2974 L.
992 2916 1037 2970 1.
1087 2938 1131 2970 e.
1170 2916 1248 2969 29.
1287 2917 1493 2972 hetor.
1535 2921 1601 2972 de
1637 2922 1787 2978 Caes·

219 3007 266 3066 c.
300 2985 387 3040 31.
426 2992 491 3066 ε.)
540 2988 714 3036 inam
753 2988 1023 3039 Valeriani
1070 2988 1287 3056 scripsit
1331 2987 1620 3043 Trebellus
1664 2991 1789 3042 Pol-

219 3058 296 3109 lio
335 3058 545 3113 Zosun.
604 3059 664 3110 L.
708 3056 751 3108 1.
790 3059 978 3114 Aurei.
1018 3059 1223 3113 Victor.
1268 3057 1339 3125 (Z)
1382 3059 1622 3115 Trebell.
1669 3061 1795 3114 Pol-

229 3128 323 3182 lio.
363 3128 421 3182 in
466 3127 637 3180 valer.
694 3148 739 3185 c.
782 3126 829 3181 3.
870 3131 1071 3183 Zosim.
1113 3131 1172 3182 L.
1217 3128 1263 3180 1.
