2097 3726
371 203 403 220 Γ*

369 222 447 261 oo
810 200 1417 263 Historia

276 372 484 435 Plebis
538 372 813 456 Collegio
858 388 1148 435 assertam
1204 381 1480 438 extorsit.
1551 378 1704 451 Quo
1744 380 1970 440 trium-

276 462 401 544 pho
458 465 674 520 Icilius
717 480 854 522 non·
884 478 1244 539 contentUS,
1309 470 1469 550 ipsos
1504 470 1689 526 etiam
1732 469 1972 526 Consu-

274 553 360 610 les
389 549 466 607 ad
516 551 807 612 Carceres
857 550 1230 633 conjiciendi
1268 554 1363 638 jus
1411 555 1709 614 Tribunis
1757 554 1965 614 vindi—

275 661 417 698 care
449 640 824 715 conabatur,
891 641 999 700 sed
1028 639 1144 699 hoc
1188 665 1222 699 a
1281 643 1514 728 populo
1569 665 1966 725 nequaquam

272 727 574 809 probato,
623 726 687 786 id
722 729 922 788 solum
958 728 1264 788 obtinuit:
1313 746 1384 789 ut
1413 734 1631 814 Legati
1665 730 1968 791 Athenias

273 816 720 891 mitterentur,
779 817 858 875 ad
895 817 1313 892 Graecorum,
1375 821 1681 902 imprimis
1725 822 1969 878 Solonis

273 904 471 985 Leges
523 905 953 980 accersendas,
1040 905 1121 984 a)
1199 909 1311 988 qui
1372 908 1627 969 reduces
1689 909 1969 986 Legibus

275 994 435 1049 XII.
525 995 910 1052 Tabularum
977 993 1321 1054 scribendis
1395 999 1786 1056 occasionem
1859 994 1969 1056 de-

273 1078 523 1141 derunt.

450 1169 815 1251 Utprimum
859 1169 1290 1228 Romanorum
1331 1170 1548 1252 Legati
1593 1193 1671 1230 ex
1713 1170 1968 1230 Graetia

274 1255 530 1315 domum
579 1255 985 1334 redivissent,
1048 1280 1196 1316 mox
1227 1259 1548 1319 Romanae
1581 1261 1734 1342 reip.
1768 1258 1970 1317 forma

271 1360 508 1404 mutata
545 1359 665 1422 est,
731 1367 873 1405 nam
920 1370 970 1404 a.
1029 1346 1090 1403 U
1156 1347 1219 1404 C.
1265 1348 1408 1406 505.
1455 1347 1813 1407 Decemviri
1873 1349 1967 1405 uti

275 1432 486 1514 legum
560 1433 964 1510 ferendarum
1041 1456 1219 1492 causa
1291 1437 1423 1494 sine
1512 1437 1960 1517 provocatione

275 1534 458 1582 erant
481 1526 715 1596 creati,
762 1525 848 1581 ita
886 1545 1004 1605 pro
1043 1521 1289 1582 duobus
1326 1522 1696 1583 Consulibus
1732 1544 1969 1582 novum

272 1611 709 1692 Magistratum
761 1632 996 1669 summa
1052 1625 1356 1694 potestate
1399 1610 1751 1694 praeditum
1781 1609 1969 1670 ,obti-

274 1712 579 1758 nueruut:
628 1701 703 1779 b)
751 1702 861 1782 qui
904 1701 1086 1757 initio
1125 1713 1250 1756 tam
1290 1700 1583 1772 Senatus,
1630 1720 1817 1780 quam
1857 1719 1972 1781 po-

272 1785 407 1869 puli
460 1784 744 1847 favorem
795 1786 914 1845 sibi
969 1786 1408 1862 concilianteS,
1482 1789 1690 1870 primo
1749 1784 1969 1845 decem

272 1875 513 1955 Legum
567 1874 834 1934 Tabulas
905 1897 982 1936 ex
1033 1874 1387 1935 domesticis
1449 1889 1510 1935 et
1563 1888 1966 1933 externarum

268 1963 612 2022 Nationum
649 1961 889 2045 legibus
939 1965 1472 2045 conscripserunt,
1534 1983 1602 2020 ac
1642 1984 1676 2018 a
1729 1962 1965 2021 Senatu

271 2049 682 2133 adprobatas,
746 2053 1030 2111 Romano
1080 2051 1313 2135 populo
1353 2048 1768 2110 observandas
1813 2072 1964 2133 pro-

271 2152 651 2221 posuerunt,
700 2139 930 2222 quibus
972 2162 1135 2198 anno
1179 2152 1356 2223 post,
1395 2137 1545 2198 duas
1567 2139 1807 2219 Legum
1847 2138 1971 2196 Ta·-

272 2227 448 2287 bulas
503 2226 580 2287 de
636 2241 788 2287 voto
852 2227 1172 2288 electionis
1227 2225 1604 2309 adjecerunt.
1726 2229 1972 2287 Verum

273 2318 637 2373 Decemviri
673 2315 854 2376 brevi
905 2318 970 2375 in
1023 2313 1285 2375 totidem
1328 2315 1651 2395 Tyrannos
1701 2336 1806 2373 sua
1854 2335 1968 2397 po-

273 2403 729 2462 testateabusi
792 2401 946 2463 adeo
1007 2404 1500 2486 degenerarunt,
1591 2416 1661 2460 ut
1714 2403 1962 2460 nonnisi

271 2489 467 2549 altera
518 2489 718 2574 plebis
766 2490 843 2549 ad
884 2492 1142 2550 Sacrum
1188 2506 1465 2565 montem
1513 2493 1850 2550 secessione
1899 2492 1965 2547 in

272 2578 560 2639 ordinem
623 2578 1096 2661 redigerentur,
1189 2602 1384 2662 quare
1446 2581 1633 2639 etiam
1687 2577 1961 2638 Tribuni

272 2667 478 2727 Plebis
520 2681 583 2727 et
614 2667 908 2727 Consules
953 2693 1001 2726 a.
1034 2670 1110 2727 U.
1153 2669 1217 2727 C.
1261 2668 1402 2726 505.
1456 2666 1661 2726 denuo
1710 2668 1964 2726 restitu-

271 2757 320 2812 ti
349 2778 361 2813 :
416 2758 516 2814 cui
557 2777 754 2818 novae
790 2758 1120 2818 mutationi
1159 2758 1541 2816 occasionem
1573 2751 1744 2815 dedit
1767 2755 1958 2829 Appii

1685 2844 1871 2900 Clau-

341 3011 416 3082 a)
459 3013 677 3084 Dionys.
715 3015 775 3066 L.
814 3013 897 3069 10.
935 3014 1051 3066 Liv.
1087 3014 1147 3066 L.
1184 3015 1232 3066 3.
1271 3038 1315 3068 c.
1354 3013 1435 3066 13.
1473 3033 1525 3085 p.
1559 3011 1677 3064 218.
1726 3011 1790 3078 b)
1830 3012 1948 3064 Liv.

408 3082 470 3134 L.
505 3081 553 3136 3.
581 3105 625 3138 e.
666 3082 749 3143 14.
787 3086 1010 3140 DionXS.
1041 3085 1106 3141 L.
1152 3083 1232 3139 10.
1262 3105 1317 3158 p.
1353 3083 1478 3143 684.
1511 3101 1659 3154 seqq.
