2097 3726
571 152 854 216 Romano
899 148 1287 206 Graecanici.
1557 150 1592 209 3
1605 169 1634 207 2
1645 149 1679 207 5

78 322 267 384 millia
303 342 636 384 aureorum
658 364 674 388 ,
719 343 1031 405 opemque
1065 336 1284 382 contra
1326 344 1535 385 omnes
1567 321 1769 385 hostes

74 411 534 495 spopondisset,
602 407 969 485 eliberatus,
1038 433 1300 492 regnum
1344 414 1615 495 recepit:
1682 427 1774 472 at-

72 522 201 582 que
241 500 321 558 ab
366 500 480 559 hoc
503 513 786 580 tempore
815 497 1039 556 Graeci
1065 505 1478 582 Imperatores
1507 546 1520 573 ‚
1542 505 1764 561 Turcis

75 589 385 648 tributum
424 586 666 647 solvere
715 600 1098 670 coeperunt3
1148 591 1257 669 qui
1301 588 1479 648 brevi
1520 592 1773 673 conspi-

77 679 381 737 rationem
419 688 635 735 contra
674 694 738 733 se
784 676 1003 735 initam
1044 675 1410 752 advertenS,
1473 679 1776 738 Constan-

79 766 410 848 tinopolim
464 763 752 823 obsidere
826 766 1037 848 coepit
1077 808 1094 839 ,
1167 788 1357 848 quam
1414 777 1618 826 tamen
1689 767 1775 826 ob

86 855 444 912 Tamerlatzi
475 853 720 911 Tartari
755 873 1079 935 progessus
1111 854 1353 915 solvere
1391 853 1639 914 debuit:
1681 857 1775 913 in-

79 955 175 1001 ter
239 963 398 1024 quae
447 940 688 1001 viribus
736 939 968 1002 fractus
1017 945 1359 1026 Imperium
1418 942 1769 1017 fastidienS,

77 1028 208 1093 filio
256 1052 366 1090 suo
424 1032 759 1088 Emancceli
809 1033 1198 1114 consignavit
1242 1055 1338 1091 an.
1402 1033 1585 1113 1392.
1634 1030 1716 1108 a)

254 1121 594 1193 Emamcel,
643 1142 741 1177 an.
798 1121 999 1196 1392,
1067 1120 1413 1202 Imperium
1472 1133 1542 1177 ut
1603 1121 1775 1178 Tur-

73 1229 287 1265 carum
329 1207 700 1267 tributarius
748 1210 1052 1291 suscepit,
1091 1231 1278 1290 quem
1310 1211 1550 1268 Turcae
1586 1209 1776 1266 nimi—

77 1317 183 1355 um
234 1311 566 1369 vexantes,
627 1300 813 1356 etiam
866 1297 1469 1382 Constantinopolim
1519 1295 1779 1357 obsede-

79 1398 266 1458 runt,
312 1407 504 1467 quam
549 1399 754 1445 tamen
801 1384 1047 1446 solvere
1087 1385 1436 1457 debebant,
1479 1386 1781 1467 quoniam

80 1476 520 1550 Sigismundas
592 1475 731 1534 Rex
786 1473 1180 1556 Hungariae,
1231 1472 1462 1556 aliique
1517 1472 1779 1532 Christi-

76 1563 179 1621 ani
230 1564 546 1645 principes
598 1562 830 1620 auxilio
883 1560 1305 1633 advenissent,
1355 1560 1462 1621 sed
1513 1582 1655 1619 cum
1701 1557 1780 1617 ad

78 1652 428 1726 Nicopolim
466 1649 799 1710 Christiani
843 1648 1080 1711 cladem
1122 1650 1531 1734 accepissent,
1567 1647 1777 1707 denuo

77 1737 474 1799 obsidionem
551 1751 1034 1815 restaurai-3unt
1105 1760 1294 1826 quam
1357 1753 1532 1797 certo
1596 1739 1785 1797 etiam

80 1837 540 1910 expugnassent
579 1871 597 1900 ,
655 1827 777 1887 nisi
847 1847 964 1909 pro
1049 1825 1340 1888 felicitate
1413 1827 1782 1884 Tamerlane

79 1915 420 1976 Tartarum
474 1938 589 1976 lex
625 1962 642 1991 ,
691 1914 906 1976 Asiam
974 1917 1330 1976 Turcorum
1399 1910 1522 1997 jam
1575 1916 1782 1995 regio-

80 2025 226 2064 nem
269 2002 652 2066 devastatam
691 2005 1149 2088 occupavisset3
1199 2005 1368 2064 Huic
1416 2006 1608 2086 igitur
1639 2007 1780 2064 Ba-

71 2091 322 2170 jaz'etes
381 2097 525 2154 totis
588 2095 828 2154 viribus
879 2116 943 2153 se
1004 2115 1329 2176 opponere
1386 2091 1651 2164 debuit,
1745 2115 1780 2151 a

86 2202 216 2282 quo
266 2183 508 2242 Turcae
561 2185 720 2242 caesi
762 2228 780 2258 ,
825 2186 1176 2258 Bajazetes
1240 2204 1395 2243 vero
1436 2192 1669 2284 captus
1720 2193 1783 2240 et

86 2270 150 2327 in
194 2289 446 2332 caveam
488 2269 754 2332 ferream
798 2270 1065 2330 inclusus
1103 2293 1218 2355 per
1254 2272 1623 2373 ..provincias
1661 2271 1785 2328 cir-

87 2355 455 2417 cumductus
487 2371 578 2417 est
600 2356 814 2441 ,cujus
841 2360 1214 2442 ignominiae
1252 2361 1611 2443 impatiens,
1630 2372 1785 2416 tam-

88 2444 198 2504 diu
238 2460 425 2529 caput
463 2448 527 2504 in
577 2445 814 2506 feirum
851 2446 1077 2518 allisit,
1115 2461 1188 2505 ut
1227 2446 1483 2512 demum,
1520 2445 1785 2506 dislum-

91 2546 364 2617 peretur.
456 2534 517 2593 A
580 2556 712 2616 quo
785 2549 1066 2619 tempore
1136 2537 1446 2593 Emanuel
1492 2532 1645 2593 nihil
1721 2536 1785 2592 in

89 2624 324 2682 Turcas
376 2619 681 2683 hostiliter
742 2626 1061 2699 exercuit3
1108 2624 1357 2683 interim
1409 2637 1611 2682 tamen
1662 2620 1788 2703 jam

92 2712 499 2773 imminebant
544 2710 804 2773 infelicis
853 2710 1111 2795 Imperii
1149 2712 1372 2773 Graeci
1427 2709 1583 2783 fata,
1631 2731 1789 2790 quo-

1536 2821 1702 2858 „lain

164 2990 240 3064 a)
278 2991 445 3043 Laon.
484 2989 846 3042 Chalcocond.
878 2991 938 3042 L.
1021 2999 1121 3046 et
1159 2988 1210 3045 3.
1270 2990 1531 3048 mondus.
1572 2991 1696 3041 Dec.
1736 2989 1789 3044 2.

238 3062 301 3114 L.
346 3061 428 3116 10.
467 3062 675 3115 Leonu.
715 3061 768 3114 d.
807 3061 854 3116 5.
894 3061 1039 3116 llis-t.
1078 3060 1404 3113 Musulznm
