2097 3726
386 229 417 266 2
431 206 508 266 56
755 207 1055 263 Iic'storicz
1094 207 1488 266 Ifiztznorczm,

295 385 402 441 ciis
456 380 754 439 Romanis
820 381 1244 454 considenteS,
1313 383 1411 442 alii
1473 406 1627 444 vero
1683 382 1988 446 libertatis

291 472 664 528 amantiores
685 511 701 539 ,
746 466 822 525 ad
854 474 1169 552 proximas
1203 473 1403 531 Ponto
1434 476 1718 555 regiones
1748 496 1809 534 se
1843 496 1990 533 con-

292 558 589 617 tulerunt.
652 557 835 628 Quod
882 581 1037 620 vero
1087 564 1150 619 in
1192 560 1514 620 Chronicis
1564 565 1790 621 nostris
1844 566 1998 621 scri-

292 661 471 730 ptum
514 659 641 707 est:
708 669 934 729 nempe
974 650 1095 707 tria
1142 649 1337 708 millia
1373 653 1659 709 virorum
1700 672 1776 709 ex
1820 653 1891 709 iis
1934 653 1998 709 in

292 735 788 795 Transilvaniam
842 733 1208 797 hodiernam
1262 741 1325 795 in
1377 739 1613 821 Campo
1671 739 1993 820 Czegledi-

291 826 458 900 ensi,
525 823 717 903 (unde
758 824 992 884 tardius
1033 827 1114 885 ab
1163 829 1482 909 Hungaris
1523 829 1586 885 in
1642 828 1999 887 Transilva-

296 916 465 973 niam
522 926 668 972 sunt
719 916 1118 996 transpositi)
1159 918 1606 998 permansisse,
1671 938 1861 998 seque
1900 919 2002 973 Si-

294 1006 464 1060 culos
497 1023 576 1062 ex
607 999 875 1061 hostium
904 1017 1076 1062 metu
1116 1004 1428 1087 appellare
1466 1007 1739 1088 coepisse
1762 1050 1776 1076 ,
1811 1026 1996 1064 nemo

292 1104 581 1151 veterum
635 1089 998 1150 Auctorum-
1037 1107 1359 1151 memorat.
1410 1093 1678 1153 Demum
1730 1115 1843 1153 nec
1896 1096 2002 1150 Sc·-

296 1183 422 1238 culi
459 1178 970 1251 Transilvaniae,
1049 1184 1319 1238 Timonis
1359 1179 1590 1261 judicio
1628 1197 1772 1240 sunt
1820 1182 2003 1240 Hun-

296 1289 524 1326 norum
556 1267 894 1349 reliquiae,
944 1267 1051 1327 sed
1088 1271 1295 1328 nativa
1333 1270 1781 1352 Hungarorum
1822 1292 2002 1352 parS,

295 1379 455 1439 quae
496 1356 812 1441 peculiare
858 1359 1208 1417 Siculorum
1258 1380 1484 1418 nomen
1522 1381 1555 1416 a
1608 1357 1886 1418 custodia
1930 1360 2000 1416 li-

293 1448 458 1505 mitis
506 1446 819 1522 obtinuit,
865 1448 1024 1506 sicut
1080 1446 1202 1522 illi,
1254 1449 1364 1530 qui
1416 1446 1736 1529 quondam
1788 1459 2004 1506 eontra

294 1535 647 1593 Moraviam
717 1535 1150 1609 excubabant,
1236 1538 1520 1617 Hungari
1585 1550 1726 1595 sunt
1779 1537 2000 1596 vocati.

296 1623 706 1682 Postmodum
739 1646 773 1681 a
804 1622 942 1683 filiis
977 1627 1228 1683 Attilae
1262 1625 1472 1684 Asiam
1504 1627 1816 1684 minorem
1855 1646 2005 1684 con-

301 1711 686 1784 sidentibus,
766 1714 947 1772 initio
1008 1713 1341 1796 pluribus,
1429 1712 1683 1774 demum
1742 1714 1821 1771 ab
1876 1735 2005 1772 uno

299 1801 698 1876 Dengesiclzo
741 1797 959 1858 Gothis
1015 1805 1076 1858 in
1123 1802 1439 1860 Pannonia
1477 1802 1710 1862 bellum
1763 1801 2005 1860 illatum

300 1901 427 1962 est,
488 1886 592 1947 sed
634 1902 862 1947 eventu
916 1888 1191 1961 infelici,
1256 1888 1395 1949 ideo
1447 1893 1807 1968 Detzgesiclz
1849 1889 2006 1949 alibi

299 1997 362 2035 se
407 1998 540 2035 rem
588 1976 808 2035 melius
862 1992 1181 2053 gesturum
1230 2000 1518 2061 speranS,
1582 1981 1645 2036 in
1686 1979 2004 2038 Romanos

301 2063 453 2124 fines
488 2066 709 2137 irruit,
757 2063 862 2123 sed
893 2066 972 2124 ab
1011 2069 1333 2124 Ancccasto
1371 2070 1597 2125 Leonis
1634 2068 1680 2125 I.
1716 2065 1872 2127 duce
1908 2090 2002 2127 an.

303 2154 447 2213 468.
490 2152 846 2212 interfectus
884 2169 988 2214 est.
1056 2156 1199 2213 Post
1243 2153 1390 2215 haec
1433 2157 1653 2213 Hunni
1704 2155 1778 2212 ad
1839 2156 2006 2215 Pon-

300 2255 466 2314 tum,
527 2244 591 2298 in
651 2244 1006 2319 Utccrgaros
1045 2258 1106 2302 et
1159 2245 1557 2320 Cabur-garos
1606 2242 1862 2303 fuerunt
1905 2243 2004 2302 di·-

301 2331 417 2388 visi
442 2383 456 2410 ,
499 2333 740 2411 priores
778 2345 945 2388 trans
982 2330 1315 2389 Meotidem
1342 2377 1356 2405 ,
1397 2330 1455 2391 hi
1487 2354 1640 2391 vero
1673 2335 1823 2391 citra
1865 2355 2003 2393 eam

299 2416 589 2501 paludem
630 2415 1024 2491 habitabant,
1071 2441 1266 2501 usque
1300 2419 1376 2478 ad
1415 2424 1699 2496 Tcmapri
1739 2442 1845 2480 seu
1874 2424 2006 2480 Bo-

302 2508 571 2564 risthem'
605 2506 869 2580 fluenta,
916 2530 1105 2589 quem
1147 2522 1413 2567 tractum
1454 2523 1694 2582 terrae,
1740 2531 1845 2567 sua
1884 2510 2006 2568 lin-

299 2616 453 2676 gva,
501 2608 573 2654 ut
621 2597 968 2654 Jot-nczncles
1022 2599 1140 2671 ait,
1189 2601 1539 2656 Hcmniva'r
1586 2597 1998 2680 appellarunt.

301 2686 587 2756 Quorum
635 2684 847 2744 multis
896 2685 1372 2746 excursionibus
1436 2689 1500 2745 in
1556 2686 1886 2745 Thraciam
1939 2700 2003 2748 et

303 2772 627 2854 Illyricum
658 2773 1059 2835 exacerbatus
1096 2776 1493 2834 lastinianus
1544 2777 1595 2832 I.
1642 2774 1758 2832 sibi
1803 2776 2000 2834 Utur-

2080 266 2082 301 l

2080 314 2083 336 ι

2081 359 2083 388 ι

2083 537 2088 634 i

2043 642 2097 730 με

302 2883 491 2945 guros
533 2860 712 2920 donis
761 2861 1083 2936 devinxit,
1145 2884 1214 2922 ac
1258 2863 1438 2923 brevi
1491 2864 1654 2920 inter
1702 2876 2004 2947 utrosque

304 2964 488 3009 atrox
520 2948 754 3010 bellum
791 2953 1160 3025 concitavit,
1207 2973 1363 3033 quos
1401 2950 1653 3010 demum
1691 2952 1997 3013 intestini-s

303 3037 582 3097 cladibus
632 3042 910 3112 attritOS,
984 3039 1108 3100 levi
1169 3040 1418 3121 negotio
1466 3044 1714 3097 Avares
1778 3062 1999 3123 super-

306 3127 622 3186 venientes
667 3128 783 3187 sihi
824 3125 1239 3209 subjecerunt.
