2097 3726
383 238 416 257 Ρ,

336 257 460 299 200
684 234 988 295 Historia
1026 236 1421 297 Iicmnorum.

243 417 575 493 dczgqisam
631 411 844 473 adfuit.
922 414 1140 476 Postea
1193 429 1400 475 tamen
1447 425 1636 498 rupto
1689 411 1940 475 foedere

243 525 384 562 cum
415 504 674 562 orientis
709 507 1135 585 Imperatore,
1181 502 1510 569 Thraciam
1550 505 1827 563 vastavit.
1872 505 1939 584 a)

246 593 420 652 Inter
446 612 602 673 quae
641 592 945 651 Alaricus
980 589 1335 652 Gothorum
1375 614 1489 653 rex
1536 613 1611 652 ex
1646 593 1943 652 Graeciae

245 679 647 764 populatione
694 682 756 739 in
793 681 1173 740 Pannoniam
1213 684 1504 755 venienS,
1551 681 1818 739 Hunnos
1862 678 1940 738 ad

244 766 598 828 vastandam
637 768 875 829 Italiam
913 768 1290 847 stimulavit,
1339 773 1451 853 qui
1490 771 1677 830 etiam
1713 766 1942 852 junctis

243 857 527 933 viribus,
575 859 740 917 cives
790 860 1105 918 Romanos
1144 857 1307 921 fame
1347 860 1671 933 subactOS,
1719 879 1943 939 magna

243 947 379 1006 auri
426 948 490 1005 vi
548 966 763 1030 pacem
813 968 1021 1007 emere
1072 947 1531 1031 compulerunt.
1644 943 1942 1007 Posthaec

240 1036 489 1095 Hunnis
537 1033 808 1119 praefuit
858 1037 1334 1111 Hlmzdzaclnw,
1398 1035 1570 1118 cujus
1622 1033 1779 1095 facta
1827 1033 1944 1093 ob-

242 1145 421 1186 scura
451 1138 629 1197 sunt,
686 1136 1130 1207 praeterquam
1176 1124 1348 1206 quod
1395 1127 1622 1184 Aetius
1664 1123 1944 1186 celeber-

240 1214 438 1273 rimus
487 1209 670 1294 hujus
741 1214 879 1272 aevi
937 1212 1370 1272 Romanorum
1434 1213 1605 1289 dux,
1688 1212 1804 1273 sub
1867 1232 1942 1272 eo

244 1300 409 1385 apud
463 1301 730 1362 Hunnos
788 1299 869 1379 b)
926 1300 1104 1360 obses
1162 1303 1502 1378 exstiterit,
1570 1323 1640 1362 ac
1698 1298 1935 1360 tardius

243 1389 460 1450 Hunni
498 1411 572 1451 eo
614 1404 875 1472 agente,
942 1391 1170 1448 Joamzz'
1211 1390 1511 1472 Tyranno
1548 1406 1767 1451 contra
1809 1392 1883 1448 V
1874 1412 1945 1446 a-

244 1482 654 1538 lentinianum
712 1484 868 1562 Imp.
924 1478 1225 1537 auxilium
1274 1481 1579 1539 incassum
1628 1479 1943 1554 miserint,

244 1589 446 1652 quare
489 1570 675 1627 etiam
715 1569 982 1627 Romani
1031 1567 1282 1643 offensi,
1342 1569 1523 1629 brevi
1563 1568 1945 1628 Pannoniam

243 1658 635 1740 superiorem
673 1656 925 1715 Hunnis
955 1654 1339 1717 ademerunt.
1392 1659 1538 1718 Post
1562 1678 1703 1716 eum
1749 1661 1946 1715 Θείαν·

183 1781 186 1785 «
247 1759 312 1808 et
365 1747 545 1802 Raas
592 1742 674 1822 e)
720 1759 1182 1820 successerunt,
1254 1749 1472 1826 prior,
1535 1768 1630 1804 an.
1686 1747 1827 1804 428.
1878 1745 1944 1800 in

244 1831 644 1917 expeditione
680 1844 898 1892 contra
946 1832 1382 1914 Burgundios,
1449 1856 1526 1895 ex
1562 1835 1757 1892 nimio
1804 1831 1947 1908 cibo

248 1936 470 2005 ruptus
504 1921 694 1979 vitam
725 1921 947 2001 posuit.
995 1923 1177 1978 Buces
1216 1944 1365 1982 vero
1398 1936 1610 2006 postea
1652 1922 1811 1981 solus
1843 1942 1947 1979 re-

247 2031 473 2093 gnanS,
549 2011 804 2067 Aetium
850 2006 927 2067 ad
970 2028 1033 2068 se
1071 2011 1426 2070 venientem
1474 2032 1600 2069 non
1638 2009 1822 2069 modo
1867 2007 1947 2065 li-

247 2098 546 2161 beraliter
582 2099 827 2181 excepit
853 2144 869 2172 ,
915 2095 1021 2157 sed
1061 2110 1122 2158 et
1163 2101 1357 2181 copiis
1403 2096 1683 2180 adjutum
1722 2100 1785 2154 in
1825 2102 1949 2156 Ita-

247 2188 398 2249 liam
436 2187 709 2261 remisit3
745 2183 866 2244 *ubi
912 2188 1275 2246 interventu
1320 2187 1700 2245 Hunnorum
1737 2190 1946 2267 Impe-

247 2275 448 2338 ratori
490 2274 921 2334 reconciliatus
967 2288 1071 2334 est.
1143 2276 1361 2334 Hunni
1402 2297 1478 2335 ex
1517 2274 1692 2334 Italia
1730 2296 1949 2334 rever-

247 2367 299 2425 si
348 2385 497 2424 mox
546 2377 764 2423 contra
817 2361 1141 2424 orientales
1212 2386 1385 2422 arma
1447 2378 1700 2424 vertere
1765 2386 1947 2446 para-

249 2455 446 2528 bant,
507 2473 582 2512 eo
626 2449 797 2534 quod
844 2450 1188 2533 transfugos
1235 2449 1501 2513 reddere
1546 2451 1818 2524 nollent,
1883 2465 1947 2511 et

248 2557 460 2627 gentes
505 2539 583 2598 ad
622 2542 851 2600 Istrum
885 2539 1132 2600 Hunnis
1172 2540 1475 2601 obnoxias
1510 2542 1948 2615 concitassent3

251 2632 505 2692 interim
576 2632 756 2687 Bacis
818 2631 980 2689 inter
1050 2632 1353 2690 maximos
1418 2643 1787 2712 apparatus,
1880 2631 1946 2685 in

253 2718 551 2779 Thraciae
572 2717 971 2802 populatione
992 2715 1255 2779 fulmine
1278 2721 1433 2779 ictus
1457 2719 1710 2780 interiit,
1742 2718 1944 2787 Quem

1660 2808 1861 2864 Atiilcz

321 2978 395 3050 a)
433 2966 716 3044 Fx⁷ag1'ius0
754 2977 815 3029 L.
853 2973 900 3027 3.
942 2997 989 3034 c.
1016 2978 1066 3033 ⁶2.
1091 2979 1321 3032 Cedren.
1357 2977 1417 3028 in
1447 2976 1642 3034 Annal.
1682 2975 1751 3048 b)
1786 2977 1949 3046 Pray.

395 3067 464 3099 ex
510 3047 738 3116 Gregor.
787 3046 998 3101 Turon.
1045 3051 1189 3102 Ann.
1244 3049 1307 3104 P.
1339 3047 1381 3103 Ι.
1429 3065 1484 3117 Ρ.
1519 3046 1607 3100 95.
1655 3048 1722 3120 c)
1779 3046 1946 3104 idem.

397 3116 533 3171 ibid.
571 3134 629 3187 p.
664 3114 785 3172 100.
822 3126 875 3168 et
908 3117 1026 3171 103.
