2097 3726
402 218 434 238 Π

355 240 388 278 2
401 234 476 278 :22
774 216 1075 282 „fflstoria
1105 219 1495 277 Hunnorum.

261 406 423 452 stum
458 388 652 476 longe:
682 390 932 475 lateque
965 418 998 454 a
1035 393 1327 454 Danubio
1365 415 1560 476 usque
1596 395 1822 457 Oceani
1868 399 1964 456 in-

261 476 424 539 sulas
450 524 467 553 ‚
531 500 712 541 suum
756 478 1038 543 dilatavit
1082 485 1455 565 imperium3
1523 484 1969 564 Byzantinum-

261 589 387 651 que
425 572 876 652 Imperatorem
927 574 1181 630 nonnisi
1229 571 1515 632 clientem
1554 592 1738 632 suum
1778 573 1972 635 duce-

260 670 360 717 ret
391 654 877 718 beneficiarium.
935 662 1110 720 Ponti
1148 659 1369 719 accolis
1407 661 1694 720 Ellacum
1740 660 1967 721 fiilium
2013 672 2016 674 ’

259 746 600 805 maximum
642 769 853 829 regem
901 746 1087 808 dedit.
1138 749 1298 809 Dein
1353 750 1758 809 Theodosium
1801 750 1966 833 Imp.

260 832 431 916 quod
466 834 808 918 transfugas
844 841 1153 920 repetenti
1185 836 1487 897 fervidius
1530 837 1966 923 respondisset,

259 943 597 1004 aggressus.
636 946 731 982 an.
774 928 918 984 447.
961 925 1274 1008 quidquid
1301 927 1532 986 Moesia
1571 942 1634 986 et
1663 925 1972 988 Thermo-

260 1010 424 1095 pylis
460 1010 889 1094 interjacebat,
931 1012 1367 1096 depopulatus,
1414 1036 1556 1073 cum
1595 1038 1817 1099 magna
1860 1013 1975 1075 ho·—

256 1101 497 1159 minum
548 1115 753 1183 strage
795 1103 983 1160 etiam
1042 1106 1136 1161 70.
1183 1103 1390 1162 Urbes
1432 1106 1695 1181 evertit3
1742 1104 1974 1186 quibus

256 1187 734 1249 crudelitatibus
790 1193 1053 1249 territus
1104 1189 1498 1273 Imperator,
1559 1214 1707 1251 mox
1765 1193 1976 1273 Lega-

257 1291 393 1336 tum
460 1280 888 1337 Maximinum
950 1300 1095 1337 cum
1167 1281 1533 1360 conquisitis
1601 1280 1979 1363 transfugis,

258 1367 433 1448 pacis
472 1364 746 1427 orandae
793 1388 974 1425 causa
1021 1364 1099 1425 ad
1144 1368 1425 1425 Attilcmz
1464 1367 1818 1450 expedivit3
1869 1367 1975 1429 sed

257 1453 440 1513 simul
508 1453 586 1513 ad
650 1459 901 1514 Attilae
976 1476 1192 1515 necem
1254 1456 1560 1515 Hunnum
1640 1455 1975 1539 quemdam

269 1543 638 1619 Chrisaplzii
683 1541 975 1603 Eunuchi
1023 1545 1323 1602 instinctu
1384 1544 1622 1604 occulte
1672 1545 1979 1605 suborna-

258 1631 391 1706 vit3
437 1652 568 1712 quo
614 1634 867 1712 cognito
923 1635 1140 1691 Attila
1191 1631 1417 1692 acerbe
1462 1633 1841 1716 Imperatori
1880 1636 1981 1690 in-

259 1716 481 1791 sultat,
555 1720 1009 1796 C'lzrisaplzium
1067 1742 1222 1780 vero
1273 1734 1335 1781 et
1393 1721 1613 1804 Legati
1666 1725 1981 1804 interpre-

258 1821 387 1868 tem
451 1806 704 1867 sceleris
774 1811 1096 1866 conscium
1164 1808 1385 1889 grandi
1459 1832 1604 1869 aere
1675 1810 1978 1885 mulctat3

259 1897 659 1956 innocentem
713 1917 868 1955 vero
916 1898 1341 1955 Maximinum
1410 1893 1765 1957 humaniter
1811 1901 1981 1958 exci—

257 1985 387 2068 pit3
470 2005 597 2065 qua
649 1985 969 2042 occasione
1030 1985 1385 2065 Legationis
1457 2006 1661 2045 comes
1717 1989 1980 2045 Priscus

257 2069 500 2132 Rhetor
539 2084 601 2130 et
647 2072 1001 2130 Historicus
1029 2117 1043 2146 ,
1108 2071 1354 2131 indultu
1393 2078 1635 2131 Attilae
1677 2073 1754 2131 ad
1803 2098 1981 2157 prae-

261 2163 478 2243 cipuas
519 2161 687 2219 inter
725 2159 1046 2218 Tibiscum
1087 2174 1148 2219 et
1204 2161 1565 2220 Danubium
1601 2164 1742 2221 sitas
1788 2163 1973 2222 Hun-

260 2269 493 2306 norum
523 2248 732 2308 Urbes
770 2248 981 2321 venit,
1053 2250 1138 2328 a)
1187 2271 1347 2332 quae
1397 2248 1649 2308 aedibus
1693 2272 1770 2309 ex
1810 2250 1980 2332 ligno

260 2336 495 2396 affabre
552 2337 927 2398 constructis
982 2349 1230 2395 ornatae
1297 2349 1490 2396 erant.
1562 2337 1741 2399 Vidit
1796 2343 1983 2398 etiam

261 2426 500 2507 Regem
547 2422 642 2507 jus
697 2427 822 2484 suis
864 2421 1208 2495 dicentem,
1283 2424 1572 2485 interfuit
1625 2441 1688 2485 et
1732 2425 1860 2508 ejus
1922 2441 1984 2486 et

263 2515 545 2595 Reginae
585 2515 896 2587 convivio,
935 2511 1048 2571 ubi
1082 2512 1297 2573 bellica
1327 2514 1708 2574 Hunnorum
1755 2518 1984 2573 carmi-

263 2625 342 2661 na
376 2599 653 2677 audivit3
714 2614 776 2662 et
813 2614 1064 2685 praeter
1106 2600 1382 2685 lingvam
1422 2605 1722 2684 patriam,
1787 2606 1975 2663 etiam

1664 2690 1892 2751 Gothi-

342 2860 419 2931 a)
460 2856 737 2912 Notabilia
770 2860 836 2911 de
878 2879 941 2912 eo
977 2860 1269 2913 videantur
1299 2861 1358 2913 in
1406 2859 1575 2914 Prisci
1613 2859 1936 2931 fragmentis
1960 2901 1977 2923 ‚

415 2931 556 2981 inter
602 2940 857 3000 excerpta
903 2932 1284 2999 Legationum.
1340 2950 1394 3002 p.
1452 2930 1537 2982 34.
1579 2930 1712 2982 item
1764 2933 1979 2983 Nicolai

408 2998 573 3050 Olahi
614 3018 751 3069 opus
786 3001 892 3052 hoc
937 3001 1134 3052 titulo:
1193 3000 1388 3053 Attila.
1425 3001 1571 3052 Haec
1618 3002 1841 3070 collegit
1871 3003 1978 3054 eti-

411 3088 499 3120 am
518 3069 708 3125 Franc.
728 3071 903 3122 Foris.
943 3071 1255 3124 Otrokocsi.
1295 3069 1431 3139 orig.
1465 3071 1648 3140 Hung.
1681 3073 1740 3124 P.
1781 3070 1831 3128 1.
1864 3091 1909 3123 c.
1927 3071 1979 3124 4.
