2097 3726
550 127 829 182 Romano
875 123 1261 182 Graecam‘ci.
1537 143 1570 183 2
1582 127 1613 184 8
1624 125 1663 186 9

21 303 198 360 'xius
251 304 566 377 Angelzw,
633 301 762 381 ipse
815 296 896 357 ab
950 300 1173 356 Alexio
1225 301 1468 378 Angelo
1519 296 1748 360 throno

55 388 438 449 deturbatus,
528 387 615 466 (ι)
678 385 778 445 Ad
826 385 1118 445 ultimum
1179 388 1340 446 istud
1402 389 1747 471 Imperium

50 476 330 536 funditus
388 475 755 535 deleverunt
804 475 1079 547 Turcae,
1155 474 1474 556 Scythicae
1524 477 1750 535 Asiati-

50 586 156 624 cae
219 565 379 623 ultra
438 563 695 622 Tanaim
752 563 1015 644 populi,
1081 584 1228 644 gens
1292 563 1747 623 bellicosissima

51 656 352 711 IIeraclc'o
409 652 755 732 imperante
808 651 1042 735 Caspiis
1103 654 1229 710 oris
1287 673 1567 733 (aggressa
1616 655 1746 711 ori-

51 753 258 800 entem
299 740 416 798 late
450 738 947 821 pervagabatur,
1009 739 1232 799 Seculo
1285 742 1392 799 XI.
1441 739 1746 823 adoptatis

51 825 647 888 Mahomedanorum
719 830 905 886 sacris
968 831 1031 886 in
1085 829 1294 912 plures
1355 830 1745 911 Principatus

47 929 225 976 erant
272 914 487 984 divisi,
552 913 658 973 sed
705 920 1012 999 oppressis
1066 931 1172 975 aut
1222 919 1540 977 exstinctis
1578 917 1747 990 aliis,

44 1005 229 1062 unius
290 1006 700 1061 Otchomcmni
749 1008 983 1086 posteri
1047 1028 1260 1066 rerum
1320 1007 1546 1086 potiti,
1614 1003 1746 1085 ejus

45 1090 265 1150 bellica
308 1094 545 1151 virtute
599 1094 764 1151 inter
806 1114 944 1154 suos
992 1096 1391 1154 eminuerunt
1430 1093 1509 1151 ad
1553 1092 1744 1154 finem.

45 1180 252 1239 Seculi
300 1181 472 1239 XIII.
514 1203 548 1237 a
582 1201 709 1261 quo
747 1202 896 1240 mox
940 1179 1208 1264 Phrygia
1259 1196 1419 1254 tota,
1468 1180 1742 1254 Galatia,

42 1267 430 1352 Cappadocia
488 1290 558 1327 ac
624 1269 821 1348 Mysia
879 1270 1166 1345 subacta,
1242 1274 1368 1329 imo
1427 1268 1742 1352 quidquid

41 1356 265 1417 Graeci
318 1379 423 1417 seu
469 1357 573 1415 alii
636 1371 918 1442 satrapae
977 1361 1328 1418 Turcarum
1381 1361 1444 1418 in
1498 1358 1742 1418 Natolia

40 1457 146 1503 aut
182 1447 485 1505 Romania
541 1445 808 1504 Asiatica
861 1447 1282 1529 possiderent,
1345 1447 1491 1507 inde
1540 1461 1743 1505 trans-

37 1536 235 1592 missis
296 1536 362 1592 in
428 1532 756 1593 Thraciam
817 1547 957 1594 octo
1020 1535 1301 1594 millibus
1352 1534 1742 1608 Turcarum,

38 1623 427 1682 Graecorum
480 1624 764 1703 regiones
813 1620 892 1681 ad
946 1623 1182 1682 Istrum
1245 1644 1443 1705 usque
1495 1621 1744 1682 infesta-

35 1713 162 1786 vit3
238 1713 451 1792 sicque
503 1707 905 1770 Monarchiae
965 1713 1265 1770 Turcicae
1329 1710 1739 1771 fundamenta

36 1796 193 1880 jacta
231 1814 394 1870 sunt,
429 1800 591 1858 circa
641 1821 736 1856 an.
794 1801 972 1882 1296.
1012 1800 1107 1858 Ex
1153 1798 1328 1881 cujus
1372 1802 1739 1860 successori-

34 1886 151 1946 bus
198 1889 592 1947 Amarathes
646 1909 816 1946 arma
859 1891 920 1947 in
973 1887 1405 1949 Macedoniam
1460 1888 1742 1971 prolatu-

35 1997 142 2034 rus
203 1974 442 2057 ubique
497 1974 957 2060 triumphator,
1027 1979 1263 2060 primus
1327 1979 1737 2060 Imperatoris

36 2063 221 2124 titulo
295 2064 638 2148 superbiit,
720 2064 927 2125 addita
986 2067 1218 2125 Portae
1282 2063 1737 2127 Othomannice

34 2150 395 2231 Maiestate,
475 2175 553 2213 ex
609 2155 869 2236 captivis
923 2157 1379 2217 Turcicismum
1433 2154 1736 2238 amplexis

34 2240 326 2299 militiam
375 2242 799 2300 Janissariam
852 2245 1152 2320 instituit3
1219 2268 1254 2302 a
1300 2265 1427 2326 quo
1491 2258 1738 2325 tempo-

35 2350 106 2388 re
163 2327 480 2408 augendae
532 2332 887 2391 Turcorum
941 2334 1251 2412 potentiae
1311 2338 1736 2390 instrumenta

35 2427 229 2477 erant.
279 2420 324 2475 l.
364 2415 743 2476 Dissidentes
775 2421 959 2477 etiam
987 2421 1050 2478 in
1086 2421 1407 2480 occidente
1442 2418 1741 2479 Christia-

33 2507 99 2563 ni
159 2505 493 2587 PrincipeS.
543 2508 617 2563 II.
677 2505 1050 2568 Latinorum
1105 2510 1170 2566 in
1226 2509 1498 2568 Graecos
1551 2508 1734 2583 odia,

35 2591 208 2674 quod
246 2594 543 2653 unionem
577 2592 883 2655 Ecclesiae
914 2597 1234 2656 Romanae
1269 2599 1429 2656 inire
1453 2596 1695 2656 nollent
1718 2642 1734 2670 ,

35 2678 181 2740 hinc
242 2695 463 2764 negata
525 2695 631 2741 aut
694 2682 910 2743 saltem
968 2683 1157 2745 dilata
1213 2684 1502 2745 subsidia.
1611 2686 1724 2745 III.

867 2785 896 2832 t
1449 2771 1650 2840 Grae²

117 2940 194 3015 a)
239 2941 458 2995 Nicetas
489 2943 794 2997 ChoniateS.
846 2944 903 2996 in
942 2944 1192 2999 Manuele
1227 2943 1527 3000 Comneno.
1583 2947 1650 3002 L.‘
1678 2947 1731 3006 6.

184 3012 496 3086 Hottinger.
524 3017 669 3075 Hist.
701 3035 743 3070 c.
781 3013 867 3075 12.
901 3025 1028 3070 sect.
1067 3014 1115 3075 1.
