<?xml version="1.0" encoding="UTF-8"?>
<!DOCTYPE html PUBLIC "-//W3C//DTD XHTML 1.0 Transitional//EN"
    "http://www.w3.org/TR/xhtml1/DTD/xhtml1-transitional.dtd">
<html xmlns="http://www.w3.org/1999/xhtml" xml:lang="en" lang="en">
 <head>
  <title>
</title>
<meta http-equiv="Content-Type" content="text/html;charset=utf-8" />
  <meta name='ocr-system' content='tesseract 3.04.00' />
  <meta name='ocr-capabilities' content='ocr_page ocr_carea ocr_par ocr_line ocrx_word'/>
</head>
<body>
  <div class='ocr_page' id='page_1' title='image "./historiauniversa02nagy_0357.png"; bbox 0 0 2097 3726; ppageno 0'>
   <div class='ocr_carea' id='block_1_1' title="bbox 451 115 1674 200">
    <p class='ocr_par' dir='ltr' id='par_1_1' title="bbox 451 115 1674 200">
     <span class='ocr_line' id='line_1_1' title="bbox 451 115 1674 200; baseline -0.004 -19"><span class='ocrx_word' id='word_1_1' title='bbox 451 121 866 200; x_wconf 78' lang='lat' dir='ltr'><strong>Antiquorum</strong></span> <span class='ocrx_word' id='word_1_2' title='bbox 909 119 1374 177; x_wconf 78' lang='lat' dir='ltr'><strong>Germanorum.</strong></span> <span class='ocrx_word' id='word_1_3' title='bbox 1552 115 1674 194; x_wconf 82' lang='grc'><strong>557</strong></span> 
     </span>
    </p>
   </div>
   <div class='ocr_carea' id='block_1_2' title="bbox 39 293 1842 2850">
    <p class='ocr_par' dir='ltr' id='par_1_2' title="bbox 39 293 1842 2850">
     <span class='ocr_line' id='line_1_2' title="bbox 71 293 1772 376; baseline -0.007 -14"><span class='ocrx_word' id='word_1_4' title='bbox 71 300 393 362; x_wconf 85' lang='lat' dir='ltr'><strong>Moraviae</strong></span> <span class='ocrx_word' id='word_1_5' title='bbox 452 312 515 360; x_wconf 90' lang='lat' dir='ltr'><strong>et</strong></span> <span class='ocrx_word' id='word_1_6' title='bbox 564 294 925 376; x_wconf 83' lang='lat' dir='ltr'><strong>Hungariae</strong></span> <span class='ocrx_word' id='word_1_7' title='bbox 987 302 1259 375; x_wconf 83' lang='lat' dir='ltr'><strong>partem,</strong></span> <span class='ocrx_word' id='word_1_8' title='bbox 1306 324 1390 338; x_wconf 81' lang='lat'><strong>———</strong></span> <span class='ocrx_word' id='word_1_9' title='bbox 1437 294 1588 353; x_wconf 86' lang='lat' dir='ltr'><strong>item</strong></span> <span class='ocrx_word' id='word_1_10' title='bbox 1633 293 1772 350; x_wconf 79' lang='lat' dir='ltr'><em>Bu·-</em></span> 
     </span>
     <span class='ocr_line' id='line_1_3' title="bbox 69 380 1771 465; baseline -0.004 -17"><span class='ocrx_word' id='word_1_11' title='bbox 69 394 191 465; x_wconf 71' lang='lat' dir='ltr'><strong>rii,</strong></span> <span class='ocrx_word' id='word_1_12' title='bbox 239 392 486 462; x_wconf 59' lang='grc' dir='ltr'><strong>4Είίεςιίἰ,</strong></span> <span class='ocrx_word' id='word_1_13' title='bbox 553 384 913 461; x_wconf 61' lang='grc' dir='ltr'><strong>ῘΙῙανείἕηί,</strong></span> <span class='ocrx_word' id='word_1_14' title='bbox 979 395 1040 441; x_wconf 87' lang='lat' dir='ltr'><strong>et</strong></span> <span class='ocrx_word' id='word_1_15' title='bbox 1089 386 1199 440; x_wconf 71' lang='lat' dir='ltr'><strong>Osi</strong></span> <span class='ocrx_word' id='word_1_16' title='bbox 1240 392 1576 443; x_wconf 87' lang='lat' dir='ltr'><strong>tenuerunt</strong></span> <span class='ocrx_word' id='word_1_17' title='bbox 1611 380 1771 442; x_wconf 85' lang='lat' dir='ltr'><strong>Sile-</strong></span> 
     </span>
     <span class='ocr_line' id='line_1_4' title="bbox 64 467 1766 560; baseline -0.007 -21"><span class='ocrx_word' id='word_1_18' title='bbox 64 480 191 539; x_wconf 87' lang='lat' dir='ltr'><strong>siae</strong></span> <span class='ocrx_word' id='word_1_19' title='bbox 228 478 548 560; x_wconf 76' lang='lat' dir='ltr'><strong>regione83</strong></span> <span class='ocrx_word' id='word_1_20' title='bbox 595 509 680 519; x_wconf 91' lang='lat'><strong>—-</strong></span> <span class='ocrx_word' id='word_1_21' title='bbox 728 472 900 531; x_wconf 72' lang='lat' dir='ltr'><em>Catti</em></span> <span class='ocrx_word' id='word_1_22' title='bbox 936 467 1302 530; x_wconf 82' lang='lat' dir='ltr'>hodiernam</span> <span class='ocrx_word' id='word_1_23' title='bbox 1340 471 1614 529; x_wconf 88' lang='lat' dir='ltr'><strong>Hassiam</strong></span> <span class='ocrx_word' id='word_1_24' title='bbox 1637 511 1654 544; x_wconf 83' lang='lat'>‚</span> <span class='ocrx_word' id='word_1_25' title='bbox 1679 501 1766 516; x_wconf 67' lang='lat'><strong>⁴-</strong></span> 
     </span>
     <span class='ocr_line' id='line_1_5' title="bbox 61 557 1766 640; baseline -0.006 -14"><span class='ocrx_word' id='word_1_26' title='bbox 61 567 394 626; x_wconf 77' lang='lat' dir='ltr'><strong>Ansibarii</strong></span> <span class='ocrx_word' id='word_1_27' title='bbox 461 563 764 621; x_wconf 74' lang='lat' dir='ltr'><strong>Chamavi</strong></span> <span class='ocrx_word' id='word_1_28' title='bbox 819 573 882 619; x_wconf 89' lang='lat' dir='ltr'><strong>et</strong></span> <span class='ocrx_word' id='word_1_29' title='bbox 947 560 1254 616; x_wconf 74' lang='lat' dir='ltr'><strong>Tubantes</strong></span> <span class='ocrx_word' id='word_1_30' title='bbox 1301 558 1376 618; x_wconf 88' lang='lat' dir='ltr'><strong>ad</strong></span> <span class='ocrx_word' id='word_1_31' title='bbox 1428 557 1766 640; x_wconf 73' lang='lat' dir='ltr'>Visurgim.</span> 
     </span>
     <span class='ocr_line' id='line_1_6' title="bbox 62 647 1766 732; baseline -0.005 -20"><span class='ocrx_word' id='word_1_32' title='bbox 62 654 152 732; x_wconf 79' lang='lat' dir='ltr'><strong>a)</strong></span> <span class='ocrx_word' id='word_1_33' title='bbox 196 655 272 712; x_wconf 81' lang='lat' dir='ltr'><strong>V.</strong></span> <span class='ocrx_word' id='word_1_34' title='bbox 313 654 479 711; x_wconf 86' lang='lat' dir='ltr'><strong>Gens</strong></span> <span class='ocrx_word' id='word_1_35' title='bbox 527 651 991 710; x_wconf 83' lang='lat' dir='ltr'><strong>Germanorum</strong></span> <span class='ocrx_word' id='word_1_36' title='bbox 1035 647 1372 706; x_wconf 82' lang='lat' dir='ltr'><strong>vocabatur</strong></span> <span class='ocrx_word' id='word_1_37' title='bbox 1422 648 1766 704; x_wconf 79' lang='lat' dir='ltr'><em>Peucini</em></span> 
     </span>
     <span class='ocr_line' id='line_1_7' title="bbox 61 732 1769 809; baseline -0.006 -6"><span class='ocrx_word' id='word_1_38' title='bbox 61 764 167 803; x_wconf 89' lang='lat' dir='ltr'><strong>seu</strong></span> <span class='ocrx_word' id='word_1_39' title='bbox 214 744 382 798; x_wconf 83' lang='lat' dir='ltr'><strong>Bas</strong></span> <span class='ocrx_word' id='word_1_40' title='bbox 412 747 730 809; x_wconf 78' lang='lat' dir='ltr'><strong>ternae,</strong></span> <span class='ocrx_word' id='word_1_41' title='bbox 790 735 971 794; x_wconf 90' lang='lat' dir='ltr'><strong>Dacis</strong></span> <span class='ocrx_word' id='word_1_42' title='bbox 1004 737 1412 807; x_wconf 75' lang='lat' dir='ltr'><strong>contermini,</strong></span> <span class='ocrx_word' id='word_1_43' title='bbox 1460 760 1489 792; x_wconf 85' lang='lat' dir='ltr'><strong>a</strong></span> <span class='ocrx_word' id='word_1_44' title='bbox 1545 732 1769 795; x_wconf 79' lang='lat' dir='ltr'><strong>dextra</strong></span> 
     </span>
     <span class='ocr_line' id='line_1_8' title="bbox 59 821 1766 910; baseline -0.004 -23"><span class='ocrx_word' id='word_1_45' title='bbox 59 829 338 893; x_wconf 88' lang='lat' dir='ltr'><strong>Vistulae</strong></span> <span class='ocrx_word' id='word_1_46' title='bbox 409 830 584 910; x_wconf 83' lang='lat' dir='ltr'><strong>ripa,</strong></span> <span class='ocrx_word' id='word_1_47' title='bbox 647 846 845 906; x_wconf 84' lang='lat' dir='ltr'><strong>usque</strong></span> <span class='ocrx_word' id='word_1_48' title='bbox 899 821 975 880; x_wconf 81' lang='lat' dir='ltr'><strong>ad</strong></span> <span class='ocrx_word' id='word_1_49' title='bbox 1030 825 1200 884; x_wconf 84' lang='lat' dir='ltr'>Ostia</span> <span class='ocrx_word' id='word_1_50' title='bbox 1253 824 1431 887; x_wconf 78' lang='lat' dir='ltr'><strong>Istri,</strong></span> <span class='ocrx_word' id='word_1_51' title='bbox 1479 821 1556 882; x_wconf 87' lang='lat' dir='ltr'><strong>ad</strong></span> <span class='ocrx_word' id='word_1_52' title='bbox 1607 843 1766 904; x_wconf 86' lang='lat' dir='ltr'><strong>quos</strong></span> 
     </span>
     <span class='ocr_line' id='line_1_9' title="bbox 60 912 1762 1001; baseline -0.004 -24"><span class='ocrx_word' id='word_1_53' title='bbox 60 917 457 1001; x_wconf 81' lang='lat' dir='ltr'><strong>pertinebant</strong></span> <span class='ocrx_word' id='word_1_54' title='bbox 499 917 743 986; x_wconf 78' lang='lat' dir='ltr'><strong>Aestii,</strong></span> <span class='ocrx_word' id='word_1_55' title='bbox 813 915 1040 988; x_wconf 74' lang='lat' dir='ltr'><strong>Hirri,</strong></span> <span class='ocrx_word' id='word_1_56' title='bbox 1105 927 1168 972; x_wconf 89' lang='lat' dir='ltr'><strong>et</strong></span> <span class='ocrx_word' id='word_1_57' title='bbox 1230 914 1418 987; x_wconf 81' lang='lat' dir='ltr'><strong>Scyri</strong></span> <span class='ocrx_word' id='word_1_58' title='bbox 1477 912 1762 970; x_wconf 88' lang='lat' dir='ltr'><strong>Prussiae</strong></span> 
     </span>
     <span class='ocr_line' id='line_1_10' title="bbox 57 1000 1764 1085; baseline -0.004 -20"><span class='ocrx_word' id='word_1_59' title='bbox 57 1005 341 1066; x_wconf 81' lang='lat' dir='ltr'><strong>cultores.</strong></span> <span class='ocrx_word' id='word_1_60' title='bbox 406 1041 490 1049; x_wconf 89' lang='lat'><strong>-—</strong></span> <span class='ocrx_word' id='word_1_61' title='bbox 554 1004 688 1061; x_wconf 89' lang='lat' dir='ltr'><strong>Hae</strong></span> <span class='ocrx_word' id='word_1_62' title='bbox 755 1001 985 1061; x_wconf 86' lang='lat' dir='ltr'><strong>Gentes</strong></span> <span class='ocrx_word' id='word_1_63' title='bbox 1040 1000 1163 1085; x_wconf 85' lang='lat' dir='ltr'><strong>jam</strong></span> <span class='ocrx_word' id='word_1_64' title='bbox 1224 1000 1374 1060; x_wconf 88' lang='lat' dir='ltr'><strong>olim</strong></span> <span class='ocrx_word' id='word_1_65' title='bbox 1440 1001 1764 1058; x_wconf 89' lang='lat' dir='ltr'><strong>communi</strong></span> 
     </span>
     <span class='ocr_line' id='line_1_11' title="bbox 57 1086 1765 1171; baseline -0.004 -19"><span class='ocrx_word' id='word_1_66' title='bbox 57 1096 310 1154; x_wconf 91' lang='lat' dir='ltr'><strong>nomine</strong></span> <span class='ocrx_word' id='word_1_67' title='bbox 354 1096 536 1151; x_wconf 81' lang='lat' dir='ltr'><strong>etiam</strong></span> <span class='ocrx_word' id='word_1_68' title='bbox 582 1093 921 1148; x_wconf 76' lang='lat' dir='ltr'><strong>Alemanni</strong></span> <span class='ocrx_word' id='word_1_69' title='bbox 968 1089 1391 1163; x_wconf 81' lang='lat' dir='ltr'><strong>vocabantur,</strong></span> <span class='ocrx_word' id='word_1_70' title='bbox 1438 1086 1612 1171; x_wconf 89' lang='lat' dir='ltr'><strong>quod</strong></span> <span class='ocrx_word' id='word_1_71' title='bbox 1649 1107 1765 1146; x_wconf 88' lang='lat' dir='ltr'><strong>no·-</strong></span> 
     </span>
     <span class='ocr_line' id='line_1_12' title="bbox 57 1176 1766 1264; baseline -0.005 -24"><span class='ocrx_word' id='word_1_72' title='bbox 57 1205 203 1242; x_wconf 87' lang='lat' dir='ltr'><strong>men</strong></span> <span class='ocrx_word' id='word_1_73' title='bbox 250 1181 504 1264; x_wconf 85' lang='lat' dir='ltr'><strong>quidam</strong></span> <span class='ocrx_word' id='word_1_74' title='bbox 532 1204 564 1238; x_wconf 87' lang='lat' dir='ltr'><strong>a</strong></span> <span class='ocrx_word' id='word_1_75' title='bbox 600 1178 940 1239; x_wconf 71' lang='lat' dir='ltr'><strong>vernaculo</strong></span> <span class='ocrx_word' id='word_1_76' title='bbox 979 1176 1272 1238; x_wconf 82' lang='lat' dir='ltr'><strong>idiomate</strong></span> <span class='ocrx_word' id='word_1_77' title='bbox 1307 1179 1454 1236; x_wconf 78' lang='lat' dir='ltr'><strong>Alle</strong></span> <span class='ocrx_word' id='word_1_78' title='bbox 1498 1197 1605 1236; x_wconf 89' lang='lat' dir='ltr'><strong>seu</strong></span> <span class='ocrx_word' id='word_1_79' title='bbox 1644 1176 1766 1232; x_wconf 74' lang='lat' dir='ltr'><strong>Ab·</strong></span> 
     </span>
     <span class='ocr_line' id='line_1_13' title="bbox 57 1264 1764 1350; baseline -0.003 -21"><span class='ocrx_word' id='word_1_80' title='bbox 57 1274 254 1347; x_wconf 63' lang='lat' dir='ltr'><strong>lerlegy</strong></span> <span class='ocrx_word' id='word_1_81' title='bbox 309 1273 586 1328; x_wconf 69' lang='lat' dir='ltr'><strong>.Mc&#39;mner</strong></span> <span class='ocrx_word' id='word_1_82' title='bbox 641 1267 993 1342; x_wconf 72' lang='lat' dir='ltr'><strong>deducunt,</strong></span> <span class='ocrx_word' id='word_1_83' title='bbox 1059 1281 1122 1328; x_wconf 91' lang='lat' dir='ltr'><strong>et</strong></span> <span class='ocrx_word' id='word_1_84' title='bbox 1175 1288 1288 1350; x_wconf 87' lang='lat' dir='ltr'><strong>per</strong></span> <span class='ocrx_word' id='word_1_85' title='bbox 1335 1265 1473 1325; x_wconf 82' lang='lat' dir='ltr'><strong>illos</strong></span> <span class='ocrx_word' id='word_1_86' title='bbox 1512 1264 1764 1324; x_wconf 87' lang='lat' dir='ltr'><strong>nonnisi</strong></span> 
     </span>
     <span class='ocr_line' id='line_1_14' title="bbox 55 1350 1760 1438; baseline -0.004 -22"><span class='ocrx_word' id='word_1_87' title='bbox 55 1363 388 1417; x_wconf 74' lang='lat' dir='ltr'><strong>variarum</strong></span> <span class='ocrx_word' id='word_1_88' title='bbox 426 1362 771 1418; x_wconf 77' lang='lat' dir='ltr'><strong>Nationam</strong></span> <span class='ocrx_word' id='word_1_89' title='bbox 809 1359 978 1413; x_wconf 80' lang='lat' dir='ltr'><strong>viros</strong></span> <span class='ocrx_word' id='word_1_90' title='bbox 1019 1354 1389 1438; x_wconf 80' lang='lat' dir='ltr'><strong>intelligunt.</strong></span> <span class='ocrx_word' id='word_1_91' title='bbox 1455 1354 1656 1412; x_wconf 85' lang='lat' dir='ltr'><strong>Porro</strong></span> <span class='ocrx_word' id='word_1_92' title='bbox 1694 1350 1760 1410; x_wconf 93' lang='lat' dir='ltr'><strong>hi</strong></span> 
     </span>
     <span class='ocr_line' id='line_1_15' title="bbox 52 1437 1764 1530; baseline -0.004 -23"><span class='ocrx_word' id='word_1_93' title='bbox 52 1447 271 1530; x_wconf 85' lang='lat' dir='ltr'><strong>populi</strong></span> <span class='ocrx_word' id='word_1_94' title='bbox 326 1448 512 1507; x_wconf 85' lang='lat' dir='ltr'><strong>etiam</strong></span> <span class='ocrx_word' id='word_1_95' title='bbox 590 1449 1044 1503; x_wconf 72' lang='lat' dir='ltr'><strong>Germanorum</strong></span> <span class='ocrx_word' id='word_1_96' title='bbox 1106 1446 1362 1503; x_wconf 86' lang='lat' dir='ltr'><strong>nomine</strong></span> <span class='ocrx_word' id='word_1_97' title='bbox 1429 1437 1555 1523; x_wconf 84' lang='lat' dir='ltr'><strong>jam</strong></span> <span class='ocrx_word' id='word_1_98' title='bbox 1610 1438 1764 1500; x_wconf 85' lang='lat' dir='ltr'><strong>olim.</strong></span> 
     </span>
     <span class='ocr_line' id='line_1_16' title="bbox 53 1529 1764 1615; baseline -0.006 -22"><span class='ocrx_word' id='word_1_99' title='bbox 53 1535 424 1610; x_wconf 80' lang='lat' dir='ltr'><strong>veniebant-3</strong></span> <span class='ocrx_word' id='word_1_100' title='bbox 473 1549 542 1594; x_wconf 84' lang='lat' dir='ltr'><strong>ut</strong></span> <span class='ocrx_word' id='word_1_101' title='bbox 575 1534 690 1593; x_wconf 87' lang='lat' dir='ltr'><strong>sub</strong></span> <span class='ocrx_word' id='word_1_102' title='bbox 728 1546 1011 1615; x_wconf 88' lang='lat' dir='ltr'><strong>tempore</strong></span> <span class='ocrx_word' id='word_1_103' title='bbox 1058 1534 1120 1591; x_wconf 62' lang='lat' dir='ltr'><strong>C„</strong></span> <span class='ocrx_word' id='word_1_104' title='bbox 1148 1535 1389 1602; x_wconf 78' lang='lat' dir='ltr'><strong>Marii,</strong></span> <span class='ocrx_word' id='word_1_105' title='bbox 1438 1532 1564 1586; x_wconf 89' lang='lat' dir='ltr'><strong>imo</strong></span> <span class='ocrx_word' id='word_1_106' title='bbox 1609 1529 1764 1585; x_wconf 78' lang='lat' dir='ltr'><strong>Cae-</strong></span> 
     </span>
     <span class='ocr_line' id='line_1_17' title="bbox 49 1618 1761 1706; baseline -0.003 -25"><span class='ocrx_word' id='word_1_107' title='bbox 49 1646 162 1681; x_wconf 80' lang='lat' dir='ltr'><strong>sar</strong></span> <span class='ocrx_word' id='word_1_108' title='bbox 216 1622 340 1706; x_wconf 83' lang='lat' dir='ltr'><strong>jam</strong></span> <span class='ocrx_word' id='word_1_109' title='bbox 400 1623 772 1683; x_wconf 81' lang='lat' dir='ltr'><strong>Germaniae</strong></span> <span class='ocrx_word' id='word_1_110' title='bbox 835 1634 1082 1703; x_wconf 85' lang='lat' dir='ltr'><strong>partem</strong></span> <span class='ocrx_word' id='word_1_111' title='bbox 1140 1621 1202 1679; x_wconf 85' lang='lat' dir='ltr'><strong>in</strong></span> <span class='ocrx_word' id='word_1_112' title='bbox 1245 1618 1424 1680; x_wconf 82' lang='lat' dir='ltr'><strong>bellis</strong></span> <span class='ocrx_word' id='word_1_113' title='bbox 1465 1628 1761 1676; x_wconf 87' lang='lat' dir='ltr'><strong>noverat:</strong></span> 
     </span>
     <span class='ocr_line' id='line_1_18' title="bbox 47 1701 1760 1793; baseline -0.004 -23"><span class='ocrx_word' id='word_1_114' title='bbox 47 1710 127 1770; x_wconf 91' lang='lat' dir='ltr'><strong>de</strong></span> <span class='ocrx_word' id='word_1_115' title='bbox 181 1734 306 1793; x_wconf 82' lang='lat' dir='ltr'><strong>qua</strong></span> <span class='ocrx_word' id='word_1_116' title='bbox 369 1715 820 1769; x_wconf 76' lang='lat' dir='ltr'><strong>Germanorum</strong></span> <span class='ocrx_word' id='word_1_117' title='bbox 865 1710 1112 1789; x_wconf 79' lang='lat' dir='ltr'><strong>origine</strong></span> <span class='ocrx_word' id='word_1_118' title='bbox 1160 1701 1373 1767; x_wconf 47' lang='lat' dir='ltr'><strong>Variae</strong></span> <span class='ocrx_word' id='word_1_119' title='bbox 1427 1719 1760 1787; x_wconf 85' lang='lat' dir='ltr'><strong>supersunt</strong></span> 
     </span>
     <span class='ocr_line' id='line_1_19' title="bbox 47 1791 1758 1883; baseline -0.003 -26"><span class='ocrx_word' id='word_1_120' title='bbox 47 1800 441 1882; x_wconf 83' lang='lat' dir='ltr'><strong>Scriptorum</strong></span> <span class='ocrx_word' id='word_1_121' title='bbox 497 1801 859 1883; x_wconf 86' lang='lat' dir='ltr'><strong>opiniones:</strong></span> <span class='ocrx_word' id='word_1_122' title='bbox 927 1796 1055 1855; x_wconf 89' lang='lat' dir='ltr'><strong>Alii</strong></span> <span class='ocrx_word' id='word_1_123' title='bbox 1101 1795 1320 1855; x_wconf 81' lang='lat' dir='ltr'><strong>dicunt</strong></span> <span class='ocrx_word' id='word_1_124' title='bbox 1375 1791 1492 1854; x_wconf 86' lang='lat' dir='ltr'><strong>hoc</strong></span> <span class='ocrx_word' id='word_1_125' title='bbox 1529 1815 1758 1853; x_wconf 86' lang='lat' dir='ltr'><strong>nomen</strong></span> 
     </span>
     <span class='ocr_line' id='line_1_20' title="bbox 46 1882 1757 1971; baseline -0.004 -25"><span class='ocrx_word' id='word_1_126' title='bbox 46 1891 195 1970; x_wconf 87' lang='lat' dir='ltr'><strong>ipsis</strong></span> <span class='ocrx_word' id='word_1_127' title='bbox 244 1890 602 1971; x_wconf 87' lang='lat' dir='ltr'><strong>impositum</strong></span> <span class='ocrx_word' id='word_1_128' title='bbox 650 1886 832 1945; x_wconf 86' lang='lat' dir='ltr'><strong>fuisse</strong></span> <span class='ocrx_word' id='word_1_129' title='bbox 876 1908 911 1944; x_wconf 85' lang='lat' dir='ltr'><strong>a</strong></span> <span class='ocrx_word' id='word_1_130' title='bbox 948 1886 1287 1959; x_wconf 74' lang='lat' dir='ltr'><strong>Romanis,</strong></span> <span class='ocrx_word' id='word_1_131' title='bbox 1345 1882 1651 1965; x_wconf 85' lang='lat' dir='ltr'><strong>quoniam</strong></span> <span class='ocrx_word' id='word_1_132' title='bbox 1689 1883 1757 1940; x_wconf 87' lang='lat' dir='ltr'><strong>in</strong></span> 
     </span>
     <span class='ocr_line' id='line_1_21' title="bbox 45 1971 1759 2061; baseline -0.002 -27"><span class='ocrx_word' id='word_1_133' title='bbox 45 1976 337 2036; x_wconf 86' lang='lat' dir='ltr'><strong>omnibus</strong></span> <span class='ocrx_word' id='word_1_134' title='bbox 371 1991 688 2061; x_wconf 87' lang='lat' dir='ltr'><strong>tamquam</strong></span> <span class='ocrx_word' id='word_1_135' title='bbox 718 1971 941 2034; x_wconf 88' lang='lat' dir='ltr'><strong>fratres</strong></span> <span class='ocrx_word' id='word_1_136' title='bbox 976 1973 1278 2034; x_wconf 90' lang='lat' dir='ltr'><strong>Germani</strong></span> <span class='ocrx_word' id='word_1_137' title='bbox 1311 1975 1476 2032; x_wconf 84' lang='lat' dir='ltr'><strong>inter</strong></span> <span class='ocrx_word' id='word_1_138' title='bbox 1515 1991 1579 2031; x_wconf 89' lang='lat' dir='ltr'><strong>se</strong></span> <span class='ocrx_word' id='word_1_139' title='bbox 1614 1990 1759 2052; x_wconf 82' lang='lat' dir='ltr'><strong>age-</strong></span> 
     </span>
     <span class='ocr_line' id='line_1_22' title="bbox 47 2058 1842 2142; baseline -0.004 -19"><span class='ocrx_word' id='word_1_140' title='bbox 47 2078 224 2137; x_wconf 90' lang='lat' dir='ltr'><strong>rent,</strong></span> <span class='ocrx_word' id='word_1_141' title='bbox 256 2068 385 2125; x_wconf 89' lang='lat' dir='ltr'><strong>sive</strong></span> <span class='ocrx_word' id='word_1_142' title='bbox 429 2068 494 2124; x_wconf 90' lang='lat' dir='ltr'><strong>in</strong></span> <span class='ocrx_word' id='word_1_143' title='bbox 544 2064 760 2138; x_wconf 86' lang='lat' dir='ltr'><strong>bellis,</strong></span> <span class='ocrx_word' id='word_1_144' title='bbox 805 2065 939 2124; x_wconf 90' lang='lat' dir='ltr'><strong>sive</strong></span> <span class='ocrx_word' id='word_1_145' title='bbox 989 2063 1055 2122; x_wconf 88' lang='lat' dir='ltr'><strong>in</strong></span> <span class='ocrx_word' id='word_1_146' title='bbox 1089 2062 1340 2124; x_wconf 83' lang='lat' dir='ltr'><strong>sedibus</strong></span> <span class='ocrx_word' id='word_1_147' title='bbox 1377 2058 1752 2142; x_wconf 85' lang='lat' dir='ltr'><strong>optinendis.</strong></span> <span class='ocrx_word' id='word_1_148' title='bbox 1833 2094 1842 2104; x_wconf 91' lang='lat'><strong>·</strong></span> 
     </span>
     <span class='ocr_line' id='line_1_23' title="bbox 43 2146 1753 2227; baseline -0.003 -17"><span class='ocrx_word' id='word_1_149' title='bbox 43 2153 172 2210; x_wconf 87' lang='lat' dir='ltr'><strong>Alii</strong></span> <span class='ocrx_word' id='word_1_150' title='bbox 205 2177 237 2210; x_wconf 88' lang='lat' dir='ltr'><strong>a</strong></span> <span class='ocrx_word' id='word_1_151' title='bbox 284 2174 436 2214; x_wconf 85' lang='lat' dir='ltr'><strong>voce</strong></span> <span class='ocrx_word' id='word_1_152' title='bbox 481 2156 640 2227; x_wconf 77' lang='lat' dir='ltr'><strong>Ger,</strong></span> <span class='ocrx_word' id='word_1_153' title='bbox 687 2174 797 2212; x_wconf 88' lang='lat' dir='ltr'><strong>seu</strong></span> <span class='ocrx_word' id='word_1_154' title='bbox 849 2155 985 2210; x_wconf 79' lang='lat' dir='ltr'><strong>Gar</strong></span> <span class='ocrx_word' id='word_1_155' title='bbox 1013 2197 1028 2227; x_wconf 84' lang='grc'>,</span> <span class='ocrx_word' id='word_1_156' title='bbox 1058 2166 1123 2212; x_wconf 88' lang='lat' dir='ltr'><strong>et</strong></span> <span class='ocrx_word' id='word_1_157' title='bbox 1159 2154 1440 2210; x_wconf 67' lang='lat' dir='ltr'><strong>Mdrmer</strong></span> <span class='ocrx_word' id='word_1_158' title='bbox 1474 2146 1753 2223; x_wconf 84' lang='lat' dir='ltr'><strong>ducunt,</strong></span> 
     </span>
     <span class='ocr_line' id='line_1_24' title="bbox 43 2236 1754 2324; baseline -0.002 -24"><span class='ocrx_word' id='word_1_159' title='bbox 43 2240 219 2324; x_wconf 85' lang='lat' dir='ltr'><strong>quod</strong></span> <span class='ocrx_word' id='word_1_160' title='bbox 257 2239 494 2301; x_wconf 84' lang='lat' dir='ltr'><strong>fuerint</strong></span> <span class='ocrx_word' id='word_1_161' title='bbox 538 2243 708 2301; x_wconf 89' lang='lat' dir='ltr'><strong>omni</strong></span> <span class='ocrx_word' id='word_1_162' title='bbox 754 2255 1038 2322; x_wconf 85' lang='lat' dir='ltr'><strong>tempore</strong></span> <span class='ocrx_word' id='word_1_163' title='bbox 1074 2262 1152 2300; x_wconf 81' lang='lat' dir='ltr'><strong>ex</strong></span> <span class='ocrx_word' id='word_1_164' title='bbox 1192 2254 1326 2309; x_wconf 73' lang='lat' dir='ltr'><strong>toto</strong></span> <span class='ocrx_word' id='word_1_165' title='bbox 1364 2239 1493 2296; x_wconf 87' lang='lat' dir='ltr'><strong>viri</strong></span> <span class='ocrx_word' id='word_1_166' title='bbox 1524 2236 1754 2310; x_wconf 83' lang='lat' dir='ltr'><strong>forteS,</strong></span> 
     </span>
     <span class='ocr_line' id='line_1_25' title="bbox 44 2322 1760 2411; baseline -0.005 -22"><span class='ocrx_word' id='word_1_167' title='bbox 44 2329 320 2390; x_wconf 84' lang='lat' dir='ltr'><strong>bellicosi</strong></span> <span class='ocrx_word' id='word_1_168' title='bbox 363 2342 426 2388; x_wconf 86' lang='lat' dir='ltr'><strong>et</strong></span> <span class='ocrx_word' id='word_1_169' title='bbox 470 2328 742 2388; x_wconf 85' lang='lat' dir='ltr'><strong>masculi.</strong></span> <span class='ocrx_word' id='word_1_170' title='bbox 812 2328 942 2387; x_wconf 88' lang='lat' dir='ltr'><strong>Alii</strong></span> <span class='ocrx_word' id='word_1_171' title='bbox 1001 2341 1207 2388; x_wconf 82' lang='lat' dir='ltr'><strong>autem</strong></span> <span class='ocrx_word' id='word_1_172' title='bbox 1261 2323 1604 2411; x_wconf 81' lang='lat' dir='ltr'><strong>appellatos</strong></span> <span class='ocrx_word' id='word_1_173' title='bbox 1660 2322 1760 2382; x_wconf 84' lang='lat' dir='ltr'><strong>di-</strong></span> 
     </span>
     <span class='ocr_line' id='line_1_26' title="bbox 39 2419 1756 2494; baseline -0.002 -18"><span class='ocrx_word' id='word_1_174' title='bbox 39 2431 195 2477; x_wconf 80' lang='lat' dir='ltr'><strong>cunt</strong></span> <span class='ocrx_word' id='word_1_175' title='bbox 240 2439 274 2474; x_wconf 85' lang='lat' dir='ltr'><strong>a</strong></span> <span class='ocrx_word' id='word_1_176' title='bbox 330 2419 806 2490; x_wconf 77' lang='lat' dir='ltr'><strong>Weermanni8‚</strong></span> <span class='ocrx_word' id='word_1_177' title='bbox 879 2430 985 2475; x_wconf 86' lang='lat' dir='ltr'><strong>aut</strong></span> <span class='ocrx_word' id='word_1_178' title='bbox 1037 2419 1521 2490; x_wconf 77' lang='lat' dir='ltr'><strong>Gaerremanis‚</strong></span> <span class='ocrx_word' id='word_1_179' title='bbox 1592 2432 1756 2494; x_wconf 86' lang='lat' dir='ltr'><strong>quae</strong></span> 
     </span>
     <span class='ocr_line' id='line_1_27' title="bbox 44 2498 1752 2587; baseline -0.002 -24"><span class='ocrx_word' id='word_1_180' title='bbox 44 2505 345 2567; x_wconf 82' lang='lat' dir='ltr'><strong>vocabula</strong></span> <span class='ocrx_word' id='word_1_181' title='bbox 384 2505 618 2566; x_wconf 83' lang='lat' dir='ltr'><strong>bellum</strong></span> <span class='ocrx_word' id='word_1_182' title='bbox 648 2517 710 2565; x_wconf 89' lang='lat' dir='ltr'><strong>et</strong></span> <span class='ocrx_word' id='word_1_183' title='bbox 727 2502 1148 2565; x_wconf 86' lang='lat' dir='ltr'><strong>defensionem</strong></span> <span class='ocrx_word' id='word_1_184' title='bbox 1190 2503 1572 2587; x_wconf 82' lang='lat' dir='ltr'><strong>significant,</strong></span> <span class='ocrx_word' id='word_1_185' title='bbox 1607 2498 1752 2560; x_wconf 87' lang='lat' dir='ltr'><strong>hine</strong></span> 
     </span>
     <span class='ocr_line' id='line_1_28' title="bbox 43 2586 1756 2676; baseline -0.003 -24"><span class='ocrx_word' id='word_1_186' title='bbox 43 2594 134 2654; x_wconf 81' lang='lat' dir='ltr'><strong>illi</strong></span> <span class='ocrx_word' id='word_1_187' title='bbox 170 2608 487 2676; x_wconf 84' lang='lat' dir='ltr'><strong>tamquam</strong></span> <span class='ocrx_word' id='word_1_188' title='bbox 523 2593 600 2651; x_wconf 91' lang='lat' dir='ltr'><strong>ad</strong></span> <span class='ocrx_word' id='word_1_189' title='bbox 654 2591 887 2652; x_wconf 87' lang='lat' dir='ltr'><strong>bellum</strong></span> <span class='ocrx_word' id='word_1_190' title='bbox 918 2593 1046 2674; x_wconf 85' lang='lat' dir='ltr'><strong>apti</strong></span> <span class='ocrx_word' id='word_1_191' title='bbox 1093 2606 1153 2654; x_wconf 87' lang='lat' dir='ltr'><strong>et</strong></span> <span class='ocrx_word' id='word_1_192' title='bbox 1190 2593 1382 2653; x_wconf 87' lang='lat' dir='ltr'><strong>fortes</strong></span> <span class='ocrx_word' id='word_1_193' title='bbox 1423 2604 1602 2652; x_wconf 86' lang='lat' dir='ltr'><strong>erant</strong></span> <span class='ocrx_word' id='word_1_194' title='bbox 1646 2586 1756 2648; x_wconf 89' lang='lat' dir='ltr'><strong>de—</strong></span> 
     </span>
     <span class='ocr_line' id='line_1_29' title="bbox 41 2679 1756 2766; baseline -0.004 -24"><span class='ocrx_word' id='word_1_195' title='bbox 41 2683 277 2743; x_wconf 86' lang='lat' dir='ltr'><strong>clarati.</strong></span> <span class='ocrx_word' id='word_1_196' title='bbox 348 2684 440 2743; x_wconf 91' lang='lat' dir='ltr'><strong>De</strong></span> <span class='ocrx_word' id='word_1_197' title='bbox 500 2682 755 2766; x_wconf 79' lang='lat' dir='ltr'><strong>regione</strong></span> <span class='ocrx_word' id='word_1_198' title='bbox 805 2695 1017 2741; x_wconf 85' lang='lat' dir='ltr'><strong>autem</strong></span> <span class='ocrx_word' id='word_1_199' title='bbox 1085 2684 1420 2757; x_wconf 72' lang='lat' dir='ltr'><strong>Spartiani</strong></span> <span class='ocrx_word' id='word_1_200' title='bbox 1471 2679 1620 2739; x_wconf 89' lang='lat' dir='ltr'><strong>haec</strong></span> <span class='ocrx_word' id='word_1_201' title='bbox 1663 2688 1756 2737; x_wconf 86' lang='lat' dir='ltr'><strong>est</strong></span> 
     </span>
     <span class='ocr_line' id='line_1_30' title="bbox 845 2768 1665 2850; baseline -0.005 -21"><span class='ocrx_word' id='word_1_202' title='bbox 845 2789 891 2850; x_wconf 83' lang='lat' dir='ltr'>y</span> <span class='ocrx_word' id='word_1_203' title='bbox 1403 2768 1665 2829; x_wconf 49' lang='lat' dir='ltr'><strong>senten*</strong></span> 
     </span>
    </p>
   </div>
   <div class='ocr_carea' id='block_1_3' title="bbox 138 2881 365 2892">
    <p class='ocr_par' dir='ltr' id='par_1_3' title="bbox 138 2881 365 2892">
     <span class='ocr_line' id='line_1_31' title="bbox 138 2881 365 2892; baseline 0 834"><span class='ocrx_word' id='word_1_204' title='bbox 138 2881 365 2892; x_wconf 95' lang='lat' dir='ltr'><strong> </strong></span> 
     </span>
    </p>
   </div>
   <div class='ocr_carea' id='block_1_4' title="bbox 52 2884 128 2896">
    <p class='ocr_par' dir='ltr' id='par_1_4' title="bbox 52 2884 128 2896">
     <span class='ocr_line' id='line_1_32' title="bbox 52 2884 128 2896; baseline 0 -3"><span class='ocrx_word' id='word_1_205' title='bbox 52 2884 128 2896; x_wconf 73' lang='lat'><em>...—</em></span> 
     </span>
    </p>
   </div>
   <div class='ocr_carea' id='block_1_5' title="bbox 121 2952 1749 3088">
    <p class='ocr_par' dir='ltr' id='par_1_5' title="bbox 121 2952 1749 3088">
     <span class='ocr_line' id='line_1_33' title="bbox 121 2952 1749 3032; baseline -0.001 -21"><span class='ocrx_word' id='word_1_206' title='bbox 121 2957 196 3028; x_wconf 78' lang='lat' dir='ltr'><strong>n)</strong></span> <span class='ocrx_word' id='word_1_207' title='bbox 233 2955 404 3016; x_wconf 81' lang='lat' dir='ltr'><strong>Idem.</strong></span> <span class='ocrx_word' id='word_1_208' title='bbox 443 2954 501 3012; x_wconf 88' lang='lat' dir='ltr'><strong>L.</strong></span> <span class='ocrx_word' id='word_1_209' title='bbox 543 2955 627 3012; x_wconf 82' lang='lat'><strong>61.</strong></span> <span class='ocrx_word' id='word_1_210' title='bbox 667 2977 713 3011; x_wconf 86' lang='lat' dir='ltr'><strong>c.</strong></span> <span class='ocrx_word' id='word_1_211' title='bbox 743 2952 829 3026; x_wconf 82' lang='lat'><strong>62,</strong></span> <span class='ocrx_word' id='word_1_212' title='bbox 867 2954 1156 3032; x_wconf 79' lang='lat' dir='ltr'><strong>Spenerus.</strong></span> <span class='ocrx_word' id='word_1_213' title='bbox 1190 2958 1356 3018; x_wconf 80' lang='lat' dir='ltr'><strong>notit.</strong></span> <span class='ocrx_word' id='word_1_214' title='bbox 1393 2957 1567 3030; x_wconf 76' lang='lat' dir='ltr'><strong>antiq.</strong></span> <span class='ocrx_word' id='word_1_215' title='bbox 1607 2957 1749 3010; x_wconf 82' lang='lat' dir='ltr'><strong>Ger-</strong></span> 
     </span>
     <span class='ocr_line' id='line_1_34' title="bbox 193 3027 698 3088; baseline 0.012 -8"><span class='ocrx_word' id='word_1_216' title='bbox 193 3047 337 3082; x_wconf 81' lang='lat' dir='ltr'><strong>man.</strong></span> <span class='ocrx_word' id='word_1_217' title='bbox 377 3032 441 3087; x_wconf 80' lang='lat' dir='ltr'><strong>L.</strong></span> <span class='ocrx_word' id='word_1_218' title='bbox 471 3029 527 3088; x_wconf 66' lang='lat'><strong>4.</strong></span> <span class='ocrx_word' id='word_1_219' title='bbox 564 3051 609 3084; x_wconf 87' lang='lat' dir='ltr'><strong>c.</strong></span> <span class='ocrx_word' id='word_1_220' title='bbox 642 3027 698 3086; x_wconf 75' lang='lat'><strong>30</strong></span> 
     </span>
    </p>
   </div>
  </div>
 </body>
</html>
